2242 3551
278 638 351 669 Fol.
368 632 438 668 37⁴¹.

467 1003 506 1032 10

469 1366 508 1396 15

469 2454 510 2484 :30

471 2863 489 2892 3
494 2864 512 2891 5

533 213 614 252 240
879 223 1154 253 SCRIPTORES
1188 221 1414 250 HISTORIA?
1448 222 1624 249 DANICAE
1657 222 1856 250 MINORES

534 339 677 389 Vnde,
711 338 746 378 si
780 338 957 391 questio
991 336 1137 388 fuerit,
1171 336 1291 389 quod
1327 340 1481 376 tamen
1514 337 1627 375 deus
1659 340 1849 387 auertat,
1883 336 2031 389 qualis
2054 336 2189 378 fuerit

534 412 820 451 consuetudo
862 410 906 450 in
942 409 1347 463 procurationibus
1380 408 1597 462 episcopo
1631 409 1675 448 in
1710 408 1882 448 ieiunio
1914 409 2188 462 prestandis,

534 483 752 523 omnibus
786 487 826 523 et
860 483 1050 534 singulis
1084 486 1405 535 protestamur,
1451 482 1589 534 quod,
1631 481 1766 521 nobis
1798 485 1908 521 tunc
1941 482 1986 521 in
2020 481 2188 523 minori

535 555 687 596 officio
721 555 960 607 agentibus
993 560 1034 595 et
1067 567 1170 595 cum
1207 553 1458 594 uenerabili
1493 554 1629 594 fratre
1663 558 1818 594 nostro
1845 554 2035 594 domino
2057 555 2187 594 Petro

538 628 642 668 Elaf
670 641 755 668 sun
790 628 1025 668 Arusiensi
1059 627 1276 680 episcopo
1310 626 1624 678 existentibus,
1656 627 1794 667 talem
1819 625 1830 680 t)
1854 626 2058 667 uidimus
2086 639 2190 667 con-

534 701 840 753 suetudinem,
874 701 996 754 quod
1032 700 1216 752 scilicet,
1259 713 1365 740 cum
1398 700 1455 739 ad
1490 700 1743 740 claustrum
1777 699 1969 740 accessit
2000 700 2046 739 in
2080 700 2190 740 feria

535 777 694 827 quarta
716 773 948 824 Cinerum,
981 786 1005 813 a
1040 786 1086 813 se
1119 772 1317 813 remouit
1346 785 1532 812 omnem
1560 771 1783 812 familiam
1811 785 1959 825 suam,
1993 773 2189 825 exceptis

534 850 732 900 quatuor
765 845 940 886 clericis
974 850 1015 886 et
1047 845 1251 898 quinque
1284 844 1413 885 laicis
1445 846 1502 884 ad
1537 844 1702 897 maius,
1735 849 1775 885 et
1808 845 1873 885 sic
1902 845 1948 884 in
1974 845 2188 895 claustro,

536 919 714 960 minuto
748 931 941 958 numero
975 931 1278 971 personarum
1307 922 1347 958 et
1373 930 1532 971 paruO,
1566 917 1849 971 aliquociens
1881 918 2027 958 tribus
2060 918 2190 971 septi-

536 991 699 1039 manis
746 991 1031 1044 aliquociens
1081 991 1234 1031 minus
1281 990 1560 1031 remanebat.
1627 990 1721 1030 Hec
1760 990 1984 1031 sciuimus
2026 995 2067 1031 et
2108 991 2190 1031 hec

535 1064 720 1116 scimus,
753 1077 807 1104 ac
839 1076 994 1104 secum
1029 1063 1074 1103 in
1108 1063 1254 1104 trihus
1286 1063 1469 1115 ieiunijs
1502 1063 1545 1103 in
1583 1063 1782 1103 claustro
1815 1064 1870 1103 de
1899 1063 2015 1104 Cara
2034 1063 2191 1104 Insula

535 1137 707 1178 suimus
756 1136 1068 1190 personaliter.
1148 1136 1328 1176 Scimus
1376 1136 1511 1176 etiam
1562 1140 1603 1176 et
1651 1139 1884 1188 presentes
1930 1136 2104 1176 fuimus
2151 1140 2192 1177 et

536 1211 752 1256 uidimus,
787 1210 926 1263 quod,
960 1210 1182 1262 quociens
1216 1209 1335 1249 idem
1371 1209 1616 1262 episcopus
1650 1208 1940 1261 supradictus
1974 1209 2190 1262 placitare

535 1284 691 1324 debuit
739 1296 844 1323 cum
886 1282 1109 1322 militibus
1154 1283 1224 1322 nel
1266 1295 1369 1322 cum
1412 1283 1597 1335 popuIO,
1647 1282 1786 1321 exiuit
1828 1295 1852 1321 a
1894 1283 2093 1322 claustro
2134 1283 2187 1322 ad

537 1358 635 1397 loca
684 1359 858 1396 remota
908 1356 980 1395 uel
1028 1368 1107 1408 per
1148 1368 1317 1408 aquam
1360 1355 1433 1395 uel
1475 1368 1554 1408 per
1601 1359 1783 1407 terram,
1831 1368 1886 1394 ne
1934 1355 2190 1408 predictum

540 1428 868 1469 monasterium
905 1428 1108 1467 aduentu
1142 1426 1342 1480 ospitum
1377 1432 1657 1480 granai-etur.
1719 1427 1898 1467 Scimus
1930 1427 2120 1481 insuper
2151 1431 2191 1468 et

540 1506 860 1555 protestamur,
908 1501 1030 1553 quod
1079 1500 1123 1540 id
1162 1500 1313 1553 ipsum
1365 1500 1697 1550 monasterium
1738 1501 1795 1540 ab
1836 1501 1935 1553 ipso
1975 1499 2190 1553 episcopo

541 1576 673 1615 Petro
724 1573 829 1613 Elas
871 1587 955 1613 sun
1007 1573 1295 1626 pensionem,
1357 1573 1478 1626 quod
1538 1573 1848 1626 byslropsqyaf
1891 1572 2077 1623 dicitur,
2139 1585 2190 1613 ac

539 1647 876 1702 exequuciones
930 1659 1174 1686 causarum
1230 1644 1495 1698 hoeliyhbrot
1547 1645 1590 1684 in
1650 1646 1867 1685 omnibus
1916 1647 2028 1686 locis
2074 1645 2191 1686 infra

538 1719 759 1761 terminos
791 1718 1082 1771 episcopatus
1116 1718 1375 1758 Arusiensis
1409 1731 1546 1771 super
1580 1718 1801 1758 familiam
1837 1731 1983 1770 suam,
2016 1718 2113 1759 siue
2145 1718 2189 1757 in

538 1792 713 1834 colonis
754 1791 846 1831 suis
889 1791 985 1831 siue
1026 1791 1069 1830 in
1114 1791 1293 1839 uillicis,
1342 1791 1482 1831 libere
1515 1791 1771 1831 dinoscitur
1804 1791 2033 1831 habuisse.
2099 1791 2191 1831 Has

538 1879 698 1906 omnes
754 1865 982 1904 libertates
1040 1863 1316 1904 uenerabilis
1376 1864 1510 1904 frater
1569 1868 1722 1924 noster
1777 1863 1996 1903 dominns
2043 1864 2189 1913 Tuko,

538 1938 795 1979 Arusiensis
829 1937 1087 1989 episcopus,
1122 1936 1324 1988 predicto
1353 1937 1507 1976 abbati
1531 1949 1583 1976 ac
1607 1936 1857 1977 conuentui
1883 1936 1927 1976 in
1955 1936 2189 1988 presencia

538 2012 776 2065 utriusque
810 2013 1017 2049 nostruin
1053 2013 1093 2048 et
1125 2008 1322 2048 aliorum
1363 2021 1501 2062 quam
1546 2009 1747 2062 plurium
1782 2009 2012 2048 bonorum
2045 2009 2190 2048 homi-

468 2096 505 2107 ‘'
538 2098 648 2126 num
691 2082 901 2137 promisit
933 2081 1160 2122 dimittere
1193 2082 1250 2121 ad
1284 2081 1616 2134 possidendum
1650 2081 1789 2121 libere
1823 2085 1861 2121 et
1896 2081 2058 2134 quiete,
2102 2074 2217 2120 fide*

537 2159 594 2198 ab
643 2171 695 2198 eo
741 2158 787 2197 in
836 2167 976 2194 manu
1027 2158 1179 2194 nostra
1227 2154 1410 2207 prestita
1459 2154 1700 2207 corporali,
1748 2154 1871 2206 quod
1920 2166 2057 2206 super
2104 2154 2190 2193 hoc

538 2228 720 2280 querela
754 2227 931 2267 domini
964 2226 1144 2266 abbatis
1177 2231 1254 2266 aut
1287 2231 1544 2266 conuentus
1579 2226 1783 2266 eiusdem
1825 2225 1912 2266 loci
1951 2227 2005 2266 de
2043 2229 2189 2266 cetero

539 2300 801 2340 nullatenus
833 2299 1092 2343 audiretur2
1140 2303 1193 2342 et,
1244 2299 1279 2339 si
1322 2299 1596 2350 contingerit
1612 2296 1653 2352 (¹)
1693 2299 1978 2352 questionem
2014 2297 2190 2338 moueri

540 2373 636 2412 sine
670 2372 897 2424 predictis,
946 2371 1157 2425 promisit
1201 2371 1321 2411 idem
1356 2371 1615 2424 episcopus,
1664 2371 1707 2410 in
1742 2372 1831 2411 hoc
1863 2371 2070 2410 similiter
2102 2371 2190 2410 fide

538 2445 656 2494 data,
706 2458 787 2497 pro
821 2444 1101 2485 monasterio
1135 2444 1281 2484 facere
1315 2448 1355 2483 et
1387 2443 1614 2490 ordinare,
1660 2444 1914 2484 secundum
1950 2444 2072 2497 quod
2106 2456 2189 2483 nos

538 2516 846 2557 ordinandum
880 2518 935 2557 de
968 2519 1124 2557 nostro
1158 2516 1411 2556 uoluntatis
1445 2516 1635 2556 arbitrio
1677 2517 1963 2556 duceremus.
2028 2517 2186 2556 Actum

539 2590 583 2628 in
628 2589 811 2629 ciuitate
844 2588 1080 2629 Arusiensi
1123 2589 1166 2628 in
1209 2588 1399 2628 ecclesia
1441 2588 1559 2628 beati
1595 2588 1855 2639 Clementis,
1903 2588 2189 2641 presentibus

540 2662 695 2701 multis
728 2662 815 2701 fide
848 2660 1009 2712 dignis.
1075 2660 1243 2700 Datum
1277 2673 1400 2699 anno
1434 2660 1611 2699 domini
1645 2649 1866 2700 ,iicotxins
1910 2673 1954 2699 in
1991 2660 2187 2699 crastino

539 2734 667 2774 beate
701 2733 910 2774 Caterine
943 2732 1172 2784 uirginis«

625 2848 839 2905 (XXXII.)
902 2817 1005 2893 Ista
1047 2851 1231 2903 quidem
1278 2850 1431 2890 uerbis
1465 2856 1568 2891 sunt
1602 2851 1843 2904 promissa,
1891 2852 1967 2891 sed
2001 2851 2187 2890 minime

541 2936 675 2976 opere
709 2924 947 2976 completa.
1013 2923 1128 2962 Nam
1164 2923 1375 2976 proximo
1409 2923 1796 2976 quadragesimali
1828 2927 2032 2976 tempore
2065 2923 2187 2963 uenit

627 3034 687 3068 24.
725 3033 858 3079 plima
884 3035 945 3075 (z
971 3033 1216 3078 plurimum)
1249 3031 1313 3073 (3²³,
1346 3043 1437 3067 corr
1478 3031 1700 3078 Lanqebelr.
1764 3033 1827 3067 27.
1861 3032 2042 3067 dominis
2074 3030 2189 3074 (diiii)

542 3090 606 3131 (35,
637 3101 737 3124 corr.
780 3089 897 3134 qula
963 3091 1025 3126 231.
1061 3090 1308 3126 ordinandis
1342 3089 1407 3131 Cb,
1439 3100 1539 3125 corr.
1577 3088 1700 3134 Lyhlc.
1768 3090 1828 3124 35
1864 3088 2019 3127 minine
2053 3088 2116 3124 Cb'.
