2242 3551
287 1058 357 1089 Fol.
374 1056 446 1090 36⁸1

406 1132 444 1162 10

406 2714 447 2743 30

473 221 554 259 231³»
816 231 1091 260 SCfflP‘l‘Ol-{ES
1127 230 1353 259 Hisromffi
1387 232 1563 259 mxime
1596 232 1796 260 simones

473 350 595 386 extra
632 349 753 386 tuam
790 346 1008 386 diocesim
1046 345 1091 385 in
1126 358 1313 385 causam
1359 345 1476 386 trahi
1521 358 1599 398 per
1640 345 1808 386 litteras
1852 346 1969 387 dicte
2010 348 2129 388 sedis

473 432 562 459 non
608 419 768 471 possis.
818 418 903 458 nisi
944 419 1062 459 dicte
1103 419 1244 458 littere
1286 418 1471 471 plenam
1512 422 1553 458 et
1594 431 1855 471 expressam
1900 420 1955 459 de
1988 420 2129 460 uerbo

472 491 527 530 ad
565 491 756 531 uerbum
792 492 847 532 de
883 491 1060 531 indulto
1095 490 1362 531 huiusmodi
1392 490 1579 531 fecerint
1604 490 1909 532 mencionem.
1960 493 2126 533 Datum

474 567 517 602 ut
553 577 704 617 snpra.

499 727 687 774 ixxvlt.)
738 728 890 763 Littera
926 728 1085 764 domini
1120 728 1327 763 johannis
1362 727 1589 763 cardinalis
1624 728 1674 764 ad
1710 728 1895 774 prefatos
1930 729 2099 765 iudices,

571 796 729 874 Emer
759 834 1013 879 Johannes,
1062 832 1356 873 miseratione
1396 832 1554 873 diuina
1591 833 1856 874 Portuensis
1898 837 1938 872 et
1978 837 2131 874 sancte

474 905 638 946 Rufine
675 906 934 959 episcopus,
982 905 1188 946 honestis
1228 909 1268 945 et
1312 905 1534 956 religiosis
1576 905 1701 955 uiris,
1749 906 1910 946 amicis
1950 906 2044 946 suis
2086 906 2128 945 in

473 978 654 1019 Christo
703 978 974 1025 carissimis,
1034 978 1174 1031 priori
1222 977 1497 1031 prouinciali
1548 978 1739 1026 fratrum
1789 979 2129 1031 predicatorum

474 1051 599 1102 regni
634 1051 772 1091 Dacie
806 1055 845 1091 et
873 1085 878 1091 .
909 1085 916 1091 .
956 1082 957 1085 η
989 1052 1044 1091 de
1079 1050 1350 1092 Rinkstadio
1385 1054 1424 1090 et
1446 1051 1556 1091 ..de
1592 1051 1836 1092 Nestwaeth
1870 1051 2130 1099 abbatibus,

474 1124 797 1164 Roskeldensis
831 1124 1056 1176 dyocesis,
1104 1124 1298 1164 salutem
1340 1128 1379 1163 et
1421 1124 1667 1164 fraternam
1712 1124 1756 1164 in
1798 1124 1989 1165 domino
2023 1124 2132 1164 cari-

474 1200 624 1236 tatem.
690 1197 794 1237 Illas
836 1210 990 1249 preces
1032 1196 1165 1237 uobis
1206 1196 1398 1237 libenter
1443 1196 1733 1250 porrigimus,
1781 1210 1868 1251 qne
1902 1197 2130 1238 iusticiam

473 1269 657 1321 sapiunt
691 1274 731 1309 et
764 1269 809 1309 in
844 1283 890 1310 se
923 1270 1161 1310 continent
1193 1269 1455 1323 equitatem.
1506 1269 1621 1310 Cum
1656 1269 1793 1321 igitur
1818 1269 1970 1310 dilecti
1998 1269 2130 1310 nobis

474 1341 517 1381 in
561 1342 742 1382 Christo
789 1343 885 1382 .Th.
928 1343 1072 1383 abbas
1120 1346 1161 1382 et
1208 1346 1465 1383 conuentus
1515 1341 1778 1394 monasterij
1821 1341 1934 1383 Care
1977 1342 2130 1383 Insule

475 1415 787 1455 Cisterciensis
836 1415 1024 1459 ordinis,
1074 1415 1335 1456 Arusiensis
1383 1415 1608 1467 dyocesis7
1666 1428 1803 1468 super
1849 1415 2129 1468 quibusdam

428 1498 441 1526 .’
474 1487 653 1539 initu-ijs
686 1492 727 1528 et
759 1487 973 1528 indebitis
1009 1488 1339 1536 exactionibus,
1373 1501 1487 1541 quas
1514 1487 1791 1528 uenerabilis
1817 1487 1953 1528 frater
1978 1492 2131 1528 noster

473 1560 733 1600 Arusiensis
766 1561 1011 1614 episcopus
1045 1561 1215 1601 eisdem
1252 1565 1293 1601 et
1326 1574 1484 1601 eorum
1528 1561 1808 1601 monasterio
1848 1573 1900 1600 ac
1933 1560 2131 1614 grangijs

474 1637 512 1672 et
555 1633 757 1686 ecclesijs
798 1634 931 1673 infert
972 1647 1049 1686 per
1088 1648 1133 1674 se
1174 1639 1212 1673 et
1255 1647 1378 1683 suos,
1426 1637 1467 1673 et
1510 1632 1674 1674 inferre
1714 1633 1996 1674 incessanter
2037 1646 2129 1674 non

473 1705 652 1757 desinit,
686 1719 770 1746 uos
800 1720 824 1746 a
852 1720 1036 1746 summo
1061 1706 1276 1759 pontifice
1300 1706 1473 1746 iudices
1496 1706 1808 1760 optinuerunt,
1843 1707 2129 1747 honestatem

475 1782 695 1825 uestram,
744 1780 798 1819 de
846 1792 934 1833 qua
987 1779 1116 1832 plene
1164 1779 1467 1829 confidimus,
1522 1779 1670 1825 omni.
1728 1792 1816 1833 qua
1867 1792 2130 1831 possumus,

474 1851 715 1891 affectione
763 1864 999 1903 rogamus,
1055 1852 1271 1905 quatinus
1327 1853 1383 1892 ad
1439 1852 1725 1892 reddendum
1775 1851 1839 1891 eis
1885 1851 2129 1898 iusticiam„

474 1936 578 1962 cum
627 1925 682 1963 ad
735 1924 821 1964 hoc
865 1924 1063 1964 maxime
1110 1924 1371 1975 teneamini,
1420 1928 1664 1978 postquam
1715 1924 2016 1964 commissum
2065 1928 2131 1964 est

477 1996 621 2048 nobis,
671 1996 816 2036 diuini
859 1997 1030 2037 amoris
1074 1996 1239 2037 intuitu
1274 2001 1315 2037 et
1347 2010 1536 2050 precum
1572 1997 1832 2037 interuentu
1867 2001 2127 2037 nostrarum

477 2069 621 2109 taliter
655 2083 738 2109 uos
761 2070 939 2121 geratis,
974 2070 1096 2123 quod
1126 2069 1275 2122 primo
1301 2070 1508 2110 diuinam
1540 2069 1897 2123 promereamini
1922 2069 2128 2121 gratiam³

475 2146 514 2181 et
549 2155 633 2182 nos
667 2142 799 2182 uobis
833 2147 872 2182 et
907 2142 1071 2182 uestris
1105 2142 1396 2195 monasterijs
1429 2142 1717 2196 temporibus
1747 2142 1988 2195 oportunis
2012 2146 2129 2182 tene-

405 2226 443 2254 ·ῖ
474 2227 607 2254 amur
647 2216 701 2254 ad
745 2215 992 2265 gratiarum
1038 2215 1294 2255 uberrimas
1327 2214 1541 2255 actiones.
1606 2215 1774 2255 Datum
1817 2218 1927 2267 aput
1960 2214 2127 2254 Vrbem

477 2290 689 2338 ueterem,
744 2286 859 2328 Nofi.
892 2288 1016 2340 Julij,
1066 2287 1361 2340 pontificatus
1401 2287 1577 2327 domini
1614 2287 1787 2327 Urbani
1830 2299 1947 2340 pape
1980 2286 2128 2339 quarti

474 2372 596 2399 anno
631 2360 780 2400 tercio.

473 2530 678 2575 (XXVIII.)
743 2532 842 2566 Item
883 2531 1020 2567 littera
1060 2531 1220 2566 domini
1254 2531 1458 2567 Guidonis
1499 2531 1726 2567 cardinalis
1767 2531 1816 2566 ad
1859 2531 2127 2576 supradictos

1062 2600 1234 2643 iudices,
1267 2599 1374 2635 vnde
1407 2611 1546 2646 supra.

576 2667 956 2746 Uenerabilibus
981 2705 1024 2744 in
1046 2704 1227 2745 Christo
1252 2704 1458 2757 patribus
1482 2709 1524 2745 et
1545 2705 1705 2745 amicis
1729 2704 1999 2749 karissimis.
2020 2737 2026 2744 .
2046 2737 2052 2744 .
2073 2704 2126 2743 de

478 2776 747 2817 Rinkstadio
781 2781 847 2816 et.
869 2811 876 2817 .
897 2778 951 2817 de.
980 2777 1224 2817 Naestweth
1251 2777 1510 2827 abbatibus,
1545 2777 1870 2817 Roskeldensis
1903 2776 2125 2829 dyocesis.

476 2852 515 2887 et
546 2881 552 2887 .
582 2881 604 2895 .,
653 2848 792 2901 priori
842 2849 1113 2901 prouinciali
1158 2848 1348 2887 fratrum
1392 2834 1760 2902 <predicatorum>
1808 2847 1933 2899 regni
1975 2847 2125 2897 Dacie,

476 2920 611 2960 frater
659 2921 829 2965 Guido.
888 2920 1179 2961 miseratione
1234 2920 1391 2960 diuina
1440 2921 1557 2961 tituli
1606 2920 1750 2960 sancti
1798 2919 2029 2972 Laurentij
2079 2919 2123 2959 in

479 2992 650 3032 Lucina
686 2993 907 3045 presbiter
938 2992 1198 3035 cardinalis.
1241 2993 1285 3031 in
1329 2993 1486 3033 salutis
1520 2997 1705 3034 auctore
1738 2993 1944 3033 salutem
2009 2991 2122 3031 Cum

567 3103 625 3137 12.
656 3101 791 3146 fuercd
823 3102 997 3145 dilectis,
1037 3102 1106 3137 sed
1137 3113 1154 3137 s
1187 3112 1348 3137 erasum
1382 3104 1444 3138 esl.
1522 3101 1585 3139 32.
1628 3102 1941 3149 predicatorum
1975 3099 2123 3136 addidi.
