2242 3551
481 1008 521 1039 10

479 1372 519 1402 15

476 1737 518 1768 20

356 1953 428 1983 Fol.
446 1949 516 1984 52v.

476 2103 518 2133 25

550 219 632 259 276
894 229 1170 259 SCRIPTORES
1203 229 1430 258 HISTORIAE
1462 229 1639 258 DANICAE
1670 229 1871 258 M1NoREs

551 344 645 385 suis
678 343 969 396 officialibus,
1003 356 1084 384 cur
1107 356 1200 384 non
1226 344 1329 397 plus
1352 343 1523 397 recepit
1544 356 1569 384 a
1593 343 1761 384 talibus
1786 343 2200 395 transgressoribus

550 430 633 470 pro
672 416 751 457 tali
793 416 926 467 facto,
972 416 1211 469 respondit
1250 416 1364 457 illud
1398 416 1677 457 Salomonis:
1733 415 1893 466 »Quod
1925 416 2105 456 ‘melius
2137 421 2201 457 est

550 504 713 545 parum
749 502 854 531 cum
888 489 1081 541 iusticia,
1117 502 1257 542 quam
1290 489 1423 529 multi
1456 489 1629 529 fructus
1663 501 1770 529 cum
1802 488 2094 542 iniquitate'.«
2147 490 2201 530 Et

550 564 800 617 aliquando
840 562 954 602 illud
992 561 1247 615 psalmiste:
1301 562 1491 602 »Melius
1530 565 1596 602 est
1634 561 1872 602 modicum
1912 561 2033 603 iusto
2068 562 2196 603 etei«

551 637 764 689 Ideoque,
811 639 857 675 vt
898 635 1111 686 creditur,
1155 634 1290 675 istam
1331 634 1524 687 gratiam
1564 635 1688 688 apud
1729 636 1867 675 deum
1910 639 1952 675 et
1989 634 2200 676 homines

549 709 725 760 habuit,
772 712 830 758 vt,
878 708 956 762 qui
1004 720 1110 748 eum
1157 708 1371 749 viderunt
1411 712 1452 749 et
1491 721 1586 748 non
1626 707 1852 760 viderunt,
1899 720 2003 748 cum
2052 708 2107 747 de
2148 721 2199 749 eo

549 782 703 835 aliqua
745 781 926 821 mencio
966 781 1083 821 inter
1122 781 1352 834 quoslibet
1389 785 1666 832 moueretur,
1712 780 2022 820 communiter
2062 781 2199 821 deum

549 867 632 908 pro
675 867 727 895 eo
769 854 1090 907 precabantur,
1138 855 1342 907 optando
1382 867 1487 894 eum
1530 854 1720 895 feliciter
1761 857 1803 894 et
1843 853 1921 893 diu
1968 853 2123 895 viuere
2160 858 2201 894 et

548 928 711 968 valere.

634 1000 731 1041 XII.
796 1000 911 1041 Cum
954 1003 1108 1040 autem
1149 1000 1206 1039 ad
1246 999 1367 1040 istud
1412 999 1746 1041 monasterium
1778 999 1849 1040 vel
1881 999 1970 1040 alia
2003 1000 2199 1041 claustra

548 1073 693 1114 nostri
732 1072 908 1114 ordinis
940 1072 1204 1125 declinauit,
1250 1073 1618 1113 benedictionem
1659 1077 1753 1113 tam
1792 1072 2020 1113 veniendo
2060 1085 2197 1126 quam

548 1146 796 1187 recedendo
835 1146 881 1185 in
921 1146 1063 1186 choro
1106 1145 1292 1199 accepit.
1356 1146 1407 1186 In
1448 1146 1629 1186 cuculla
1669 1146 1767 1186 sine
1804 1144 1983 1185 mantili
2022 1158 2199 1199 semper

547 1219 609 1259 ibi
657 1219 859 1260 comedit
905 1222 947 1259 et
986 1217 1102 1258 bibit
1142 1222 1184 1259 et
1229 1220 1284 1259 ad
1334 1219 1573 1259 ecclesiam
1621 1218 1717 1259 iuit.
1781 1218 1974 1259 Stallum
2020 1219 2198 1259 abbatis

546 1292 691 1332 tenuit
732 1295 773 1332 et
812 1291 1019 1332 officium
1060 1291 1266 1332 eiusdem
1303 1291 1351 1331 in
1393 1291 1583 1332 ecclesia
1624 1296 1666 1332 et
1705 1291 1906 1344 capitulo
1947 1291 2197 1345 suppleuit;

548 1369 865 1406 verumtamen
898 1364 1137 1416 diligenter
1169 1365 1449 1416 obseruauit,
1496 1368 1555 1416 vt,
1597 1365 1784 1418 quando
1818 1364 1952 1404 sciuit
1985 1364 2198 1405 abbatem

547 1441 820 1491 presentem,
868 1437 965 1490 ipse
1007 1450 1053 1477 se
1085 1437 1346 1477 absentauit
1376 1441 1471 1477 tam
1505 1439 1562 1478 ad
1594 1437 1773 1489 vigilias
1804 1437 1849 1478 in
1885 1438 2027 1478 choro
2060 1450 2198 1491 quam

546 1511 670 1564 alibi,
703 1514 888 1564 propter
920 1510 1226 1551 reuerentiam
1259 1510 1405 1564 ipsius
1437 1510 1630 1550 abbatis.
1680 1510 1868 1564 Semper
1899 1511 1957 1551 ad
1990 1523 2196 1551 mensam

547 1597 679 1624 suam
712 1585 828 1624 duos
862 1584 1119 1624 monachos
1150 1584 1208 1624 ad
1242 1583 1397 1624 minus
1429 1584 1485 1624 de
1514 1587 1747 1624 conuentu
1773 1582 1977 1637 quotidie
2002 1583 2197 1635 vocauit,

545 1657 657 1696 dum
701 1656 776 1696 hic
813 1655 909 1696 fuit.
974 1656 1158 1697 Solebat
1195 1657 1351 1697 bibere
1391 1657 1446 1697 de
1485 1657 1689 1711 quodam
1735 1656 1925 1697 vasculo
1971 1660 2196 1708 argenteo,

547 1727 606 1781 [in
652 1729 946 1770 infirmitorio
994 1728 1091 1781 suo]
1139 1729 1403 1781 diligentem
1451 1742 1610 1770 curam
1658 1729 1850 1781 habens,
1898 1733 1944 1770 vt
1988 1742 2079 1770 vno
2126 1729 2196 1768 die

545 1802 648 1855 plus
694 1815 835 1856 quam
882 1802 973 1843 alio
1020 1815 1113 1843 non
1151 1802 1340 1854 biberet,
1388 1815 1655 1842 mensuram
1704 1801 1897 1842 eandem
1947 1802 2195 1851 seruando;

545 1887 652 1914 nam
686 1876 743 1915 ad
777 1875 1016 1929 quodlibet
1046 1876 1287 1916 vasculum
1322 1876 1598 1916 exhaustum
1638 1874 1881 1915 minimam
1919 1875 2109 1928 pilulam
2143 1875 2195 1914 de

545 1960 663 2000 pane
710 1946 815 1988 fecit
861 1952 902 1987 et
948 1952 1117 1989 secrete
1164 1948 1249 1988 sub
1300 1949 1521 2002 mappula
1567 1952 1672 1988 ante
1719 1961 1765 1988 se
1806 1948 1972 2000 posuit.
2012 1944 2024 2002 ΙΙ
2061 1947 2194 1997 Quod

545 2020 735 2073 quidam
768 2021 1000 2074 dompnus
1033 2021 1191 2072 abbas,
1232 2021 1431 2062 videlicet
1460 2021 1626 2072 Sueno,
1678 2020 1757 2074 qui
1789 2021 2054 2074 capellanus
2088 2031 2195 2060 suus

545 2092 673 2145 prius
718 2092 885 2146 fuerat,
940 2094 1154 2134 conscius
1201 2094 1287 2134 sibi
1335 2094 1562 2134 subtiliter
1608 2095 1917 2147 perpendens,
1970 2094 2193 2146 quasdam

544 2165 711 2218 pilulas
743 2170 912 2207 secrete
945 2166 1183 2219 subtraxit,
1230 2171 1276 2207 vt
1314 2179 1419 2207 eum
1462 2167 1564 2219 plus
1598 2166 1813 2218 bibendo,
1860 2179 2000 2221 quam
2035 2165 2193 2206 solitus

544 2243 673 2291 esset,
720 2238 927 2279 letiorem
958 2239 1167 2280 redderet
1199 2239 1246 2279 in
1278 2239 1419 2280 domo
1453 2252 1548 2280 sua.
1611 2239 1747 2290 Quod
1781 2239 2025 2292 episcopus
2057 2238 2192 2292 paulo

635 2360 669 2396 2.
695 2360 800 2396 illud
818 2360 1074 2397 Salomonis:
1101 2360 1362 2407 Prouerb.16,
1376 2361 1410 2397 8.
1459 2362 1493 2397 4.
1521 2360 1624 2397 illud
1643 2360 1875 2407 psalmiste:
1898 2359 2191 2404 Psalm.36‚16.

548 2418 583 2453 5.
623 2418 799 2463 gratian]
840 2429 903 2464 ap.
943 2419 980 2454 d.
1023 2421 1062 2454 et
1100 2419 1233 2455 hom.:
1279 2417 1373 2454 Luc.
1407 2418 1442 2463 2,
1463 2418 1529 2456 52.
1608 2419 1642 2454 7.
1684 2421 1809 2469 9v1ter
1843 2418 2109 2462 (comuniter)
2149 2416 2190 2452 C.

547 2475 609 2511 10.
655 2475 767 2511 istud
813 2477 877 2520 (z
899 2476 995 2521 hoc)
1043 2486 1169 2520 mon.,
1217 2476 1240 2512 i.
1279 2486 1308 2511 e.
1359 2475 1448 2512 Om.
1528 2476 1589 2512 12.
1635 2475 1872 2511 recedendo
1919 2475 2073 2521 scripsi,
2121 2473 2190 2520 cfr.

540 2543 581 2578 Ρ.
625 2531 715 2578 272,
752 2532 800 2578 3;
845 2533 1064 2569 redeundo
1112 2532 1256 2579 Lyblc.;
1311 2533 1498 2569 redendo
1545 2532 1590 2569 C.
1695 2533 1872 2569 mantuli
1920 2533 1972 2578 C;
2025 2532 2095 2578 cfr.
2141 2530 2192 2566 ad

540 2600 580 2635 p.
612 2589 706 2634 276,
726 2590 761 2627 7.
843 2590 905 2629 13.
945 2591 1126 2627 comedit
1164 2590 1209 2627 C.
1287 2590 1351 2629 20.
1378 2587 1646 2626 imfirmito‘m
1679 2601 1756 2626 suo
1789 2590 1842 2635 (ἒς
1887 2591 1956 2626 sed
1995 2588 2113 2626 verba
2149 2588 2190 2624 in

543 2647 814 2683 infirmitorio
855 2658 945 2692 suo,
991 2650 1035 2683 ut
1066 2647 1191 2694 L9bls.
1222 2649 1324 2683 recte
1353 2647 1524 2693 scripsit,
1571 2647 1648 2683 hoc
1688 2648 1773 2683 Ioco
1812 2658 1964 2694 parum
1997 2649 2088 2693 apte
2118 2644 2192 2691 leyi
2217 2685 2224 2696 ³

544 2707 734 2750 apparet,·
766 2715 900 2741 errore
931 2705 1069 2751 aliquo
1100 2704 1240 2741 scribae
1270 2704 1350 2740 huc
1382 2705 1580 2741 translata
1612 2715 1695 2740 esse
1727 2704 1925 2749 videntur,
1960 2715 2009 2740 ex
2039 2703 2191 2739 addita-

545 2763 691 2807 mento,
741 2764 785 2798 ut
813 2762 972 2808 opinor,
1021 2764 1108 2798 orta
1142 2763 1183 2798 in
1217 2762 1405 2808 maryine
1435 2761 1645 2808 archetypi
1675 2762 1879 2808 adscripto
1911 2763 1946 2798 et
1977 2761 2030 2797 ad
2061 2761 2188 2797 locum

545 2817 715 2864 inferius
756 2819 935 2865 positum
980 2820 1229 2866 pertinente;
1275 2830 1373 2855 nam
1420 2818 1460 2854 in
1495 2830 1535 2865 p.
1580 2818 1669 2865 277,
1701 2819 1751 2855 15
1798 2822 1892 2855 ante
1929 2819 2067 2854 finiuit
2102 2817 2188 2853 dies

544 2886 644 2911 suos
677 2878 819 2922 aptum
853 2877 985 2912 locum
1017 2876 1233 2913 habebunt.
1311 2877 1374 2912 22.
1408 2876 1583 2923 pilulam
1616 2876 1781 2924 scripsi;
1822 2876 2021 2922 pticulam
2053 2873 2190 2922 (parti-

544 2933 697 2977 culam)
737 2933 791 2979 C,
840 2933 931 2969 item
975 2935 1103 2980 paulo
1139 2936 1241 2980 post.
1320 2934 1385 2970 24.
1429 2934 1623 2970 videlicet
1658 2934 1754 2979 (vig)
1793 2933 1961 2982 scripsi3
2007 2932 2110 2969 vidit
2146 2930 2189 2974 C,

544 2990 652 3035 quod
698 3001 837 3026 verum
878 3001 960 3027 esse
999 3002 1085 3027 non
1119 2993 1266 3037 potest,·
1312 3001 1412 3026 nam
1460 2990 1579 3027 verba
1626 2991 1823 3027 conscius
1869 2990 1949 3027 sibi
1989 2992 2052 3035 (z
2075 2999 2108 3025 c.
2138 2988 2187 3031 ei)

544 3047 761 3082 ostendunt
797 3048 1025 3084 Suenonem
1072 3048 1183 3084 hunc
1227 3049 1311 3084 eius
1358 3058 1512 3083 morem
1560 3047 1657 3084 bene
1694 3050 1834 3084 notum
1874 3046 2074 3092 habuisse,
2120 3054 2188 3080 nec

545 3106 639 3140 tunc
665 3105 849 3150 primum
883 3116 968 3141 rem
1000 3106 1345 3142 animadvertisse.
1422 3106 1487 3142 25.
1529 3105 1665 3141 fuerat
1703 3105 1881 3162 scripsi3,
1913 3105 1986 3151 qui
2024 3105 2112 3140 erat
2142 3101 2185 3138 C.
