2242 3551
502 221 735 250 Exonva
770 221 1047 251 MONASTERII
1080 222 1208 252 CARAE
1241 221 1414 250 INSVLAE
1709 213 1784 252 167

130 339 320 380 salutem
377 341 417 378 et
468 336 771 390 apostolicam
819 337 1204 378 benedictionem.
1298 337 1477 378 Litteris
1526 338 1786 378 deuotionis

129 416 216 463 tue,
263 411 426 451 dilecte
466 409 530 450 fili
569 409 727 461 abbas,
775 409 928 450 debita
972 410 1251 463 benignitate
1284 410 1491 464 receptiS,
1540 424 1593 451 ex
1628 424 1785 451 earum

128 489 283 526 tenore
315 483 641 537 comperimus,
687 483 811 536 quod
846 482 1050 523 Eskillus
1083 483 1344 524 Arusiensis
1377 483 1637 537 episcopus,
1680 497 1784 524 cum

129 556 315 599 ecclesie
369 560 518 597 uestre
571 556 726 596 locum
782 555 936 596 minus
991 560 1150 609 aptum
1208 556 1418 608 religioni
1472 556 1786 608 concessisset,

129 633 284 684 postea
317 641 400 683 pro
433 629 638 682 predicto
671 629 773 669 loco
805 628 950 669 alium
983 628 1207 682 aptiorem
1243 629 1376 670 uobis
1403 629 1608 670 donauit.
1657 631 1787 671 Vnde
1814 639 1833 667 5

128 707 181 755 te,
228 701 293 742 fili
324 702 483 754 abbas,
530 706 740 743 nostrum
785 715 922 755 super
961 703 1050 742 hoc
1089 702 1336 743 consilium
1370 707 1657 756 exposcente,
1704 716 1786 756 pro

128 788 179 816 eo
219 776 342 829 quod
375 774 621 828 episcopus
652 775 726 815 ille
760 774 1012 828 aliquando
1045 775 1189 816 errori
1220 775 1466 827 consensit,
1514 775 1593 829 qui
1632 779 1785 817 tamen

127 849 297 890 factum
345 861 481 888 suum
529 847 576 888 in
623 847 829 888 districto
877 848 1088 889 examine
1136 848 1314 902 positus
1359 849 1646 902 reprobauit,
1703 862 1787 889 nos

127 934 231 963 cum
273 921 527 962 uenerabili
559 921 696 962 fratre
729 925 887 962 nostro
922 921 1112 973 Eskillo,
1155 921 1390 962 Lundensi
1422 921 1785 975 archiepiscopo,

126 999 167 1036 et
197 994 298 1048 alijs
331 994 549 1035 fratribus
582 994 750 1035 nostris
783 994 893 1035 satis
926 1007 1064 1048 super
1096 995 1184 1035 hac
1210 1008 1254 1035 re
1279 994 1664 1043 deliberauimus3
1698 1008 1786 1049 que
1815 1004 1855 1034 10

126 1068 272 1109 eidem
319 1067 669 1121 archiepiscopo
719 1068 905 1121 placuit,
953 1071 995 1109 et
1041 1081 1283 1108 assensum
1324 1067 1483 1108 tribuit
1531 1067 1699 1121 pariter
1746 1071 1785 1108 et

125 1141 347 1182 fauorem.
410 1141 506 1181 Nos
548 1140 705 1193 igitur,
741 1138 753 1195 Η
794 1141 894 1195 paci
942 1145 983 1181 et
1029 1140 1351 1195 tranquillitati
1398 1145 1547 1181 uestre
1594 1145 1783 1194 paterna
1812 1144 1945 1179 F01.7s.

126 1213 433 1255 sollicitudine
480 1213 724 1267 prouidere
770 1214 997 1266 uolentes,
1052 1214 1188 1255 uobis
1242 1218 1284 1255 et
1339 1227 1418 1267 per
1465 1227 1550 1255 uos
1597 1213 1785 1254 ecclesie

125 1291 273 1328 uestre
319 1287 474 1328 locum
520 1286 676 1340 ipsum
729 1287 1000 1328 auctoritate
1054 1287 1308 1341 apostolica
1364 1287 1699 1328 confirmamus
1746 1291 1786 1326 et

126 1360 346 1414 presentis
379 1360 536 1414 scripti
568 1360 826 1414 patrocinio
860 1360 1223 1414 communimus,
1271 1364 1535 1411 statuentes,
1583 1363 1633 1400 ut
1672 1360 1785 1400 nulli
1816 1368 1855 1398 15

124 1433 315 1474 omnino
358 1433 602 1475 hominum
645 1433 779 1474 liceat
816 1434 939 1475 hanc
980 1434 1197 1487 paginam
1231 1437 1385 1475 nostre
1417 1433 1785 1474 confirmationis

123 1505 368 1560 infringere
422 1507 497 1547 uel
550 1506 589 1547 ei
644 1507 937 1561 aliquatenus
991 1507 1231 1548 contraire.
1339 1506 1491 1561 Siquis
1538 1510 1692 1547 autem
1740 1506 1783 1546 id

124 1583 394 1634 attemptare
440 1579 786 1634 presumpserit,
832 1579 1199 1633 indignationem
1248 1579 1579 1634 omnipotentis
1626 1579 1697 1619 dei
1745 1583 1786 1619 et

126 1640 368 1694 beatorum
407 1653 525 1694 Petri
567 1657 608 1693 et
651 1653 781 1694 Pauli
822 1654 1139 1707 apostolorum
1190 1653 1288 1694 eius
1328 1667 1374 1694 se
1415 1653 1597 1694 nouerit
1636 1652 1786 1693 incur-

126 1739 297 1766 surum.
1811 1733 1853 1764 20

858 1814 957 1861 Cap.
993 1813 1057 1850 IX.

225 1894 345 1938 Quod
379 1894 564 1931 Eskillus
596 1895 824 1942 episcopus
857 1895 1099 1942 resignaui't‚
1130 1895 1246 1943 quod
1280 1895 1398 1942 prius
1431 1894 1605 1930 dederat
1636 1894 1686 1930 de

224 1963 472 2011 episcopatu
504 1965 546 2000 in
575 1964 802 2009 Saebroch,
835 1975 913 2011 pro
938 1964 1117 2012 Smaeng
1148 1965 1199 2000 ad
1233 1964 1524 2011 episcopatum
1560 1964 1683 1999 etiam

363 2033 612 2080 pertinente,
645 2036 691 2069 ut
720 2033 763 2069 in
796 2043 845 2069 eo
878 2036 1199 2070 construeretur
1231 2033 1546 2069 monasterium.

219 2101 399 2191 Siquis
431 2138 556 2192 cupit
589 2138 716 2186 scire,
757 2138 860 2192 quis
893 2138 1028 2180 fuerit
1060 2139 1239 2193 primus
1271 2138 1344 2179 uel
1377 2139 1608 2179 secundus
1640 2122 1783 2189 locus,

125 2211 179 2251 de
211 2211 380 2265 quibus
411 2211 694 2265 apostolicus
725 2211 773 2251 in
804 2211 963 2252 litteris
996 2211 1156 2253 scribit
1186 2212 1243 2252 ad
1272 2211 1487 2252 abbatem
1515 2210 1782 2263 Henricum,
1810 2222 1852 2252 25

126 2283 250 2335 sciat,
297 2284 500 2337 primum
542 2285 697 2325 locum
739 2297 838 2325 esse
871 2284 1152 2337 Sahebroch,
1199 2284 1278 2338 qui
1310 2284 1397 2325 fuit
1427 2285 1482 2324 de
1514 2283 1783 2338 episcopatu

125 2355 382 2407 Arusiensi3
429 2358 508 2397 sed
541 2357 648 2412 quia
686 2361 821 2411 aptus
853 2371 946 2398 non
979 2358 1140 2410 fuerat,
1182 2370 1288 2399 cum
1322 2357 1516 2398 consilio
1549 2361 1591 2396 et
1622 2357 1784 2397 uolun-

125 2432 214 2469 tate
246 2429 423 2470 domini
455 2430 573 2482 regis
605 2431 890 2471 Waldemari
931 2431 1181 2483 resignauit
1222 2431 1353 2471 illum
1388 2429 1695 2483 episcopatui3
1743 2433 1784 2469 et

127 2503 381 2543 secundum
414 2503 555 2544 fuisse
574 2504 819 2556 Smaheng‚
852 2504 930 2558 qui
956 2506 1013 2545 ad
1039 2504 1357 2559 episcopatum
1382 2489 1559 2557 (etiam)
1591 2503 1785 2557 pertine-

127 2573 222 2626 bat,
276 2575 353 2629 qui
409 2580 451 2617 et
503 2576 699 2617 traditus
749 2580 815 2617 est
861 2577 1017 2618 abbati
1066 2576 1266 2618 Henrico
1313 2577 1371 2617 ad
1419 2576 1782 2617 construendum
1809 2587 1852 2618 30

127 2647 457 2689 monasterium
492 2653 534 2689 et
565 2653 632 2690 est
662 2649 965 2690 confirmatus
997 2650 1055 2691 ab
1088 2649 1355 2703 apostolico.

870 2810 967 2857 Cap.
1000 2810 1043 2846 X.

460 2889 683 2934 Quomodo
716 2890 915 2926 monachi
948 2890 1190 2926 habuerunt
1223 2889 1456 2925 Sahebroh.

223 2956 404 3046 Siquis
427 2993 564 3033 etiam
589 2993 703 3034 scire
726 2994 967 3047 desiderat,
1000 2995 1236 3048 quomodo
1270 2993 1488 3034 monachi
1520 2993 1783 3034 habuerunt

132 3062 409 3117 Sahebroch,
442 3065 568 3117 sciat,
601 3066 821 3119 quoniam
855 3066 1074 3107 dominus
1107 3080 1184 3107 rex
1213 3067 1421 3106 Kanutus
1455 3066 1780 3107 concambium

218 3174 282 3210 23.
314 3175 616 3211 manasterium
649 3175 684 3212 C
716 3175 985 3221 (rubricator).
1048 3176 1110 3212 29.
1144 3176 1268 3212 etiarn
1301 3175 1451 3212 addidi.
