2242 3551
436 997 476 1028 10

435 1361 475 1391 15

436 1724 477 1754 20

435 2086 477 2116 25

439 2450 481 2480 30

503 209 586 251 250
847 222 1122 252 scmPTORES
1155 223 1383 252 Hls‘romAE
1415 223 1592 252 DANmAE
1624 222 1824 253 MINORES

504 336 694 377 abbacie
741 336 787 377 in
834 337 1031 378 diuersis
1071 337 1194 378 uillis
1233 338 1475 378 existentes
1517 350 1597 391 per
1633 338 1841 380 diuersos
1888 339 2063 380 iudices
2103 353 2155 380 ex

503 413 631 463 parte
663 409 841 451 domini
874 409 1078 463 episcopi
1111 414 1152 451 et
1184 410 1452 451 auctoritate
1485 410 1556 451 sui
1588 415 1654 451 est
1686 424 1966 464 processum.
2025 413 2156 454 Vnde

503 481 635 535 quasi
668 481 876 533 generale
908 482 1133 522 iudicium
1165 468 1258 536 <fit>
1290 495 1370 536 per
1402 482 1684 523 sentenciam
1717 482 2015 523 diffinitiuam
2039 483 2156 524 inter

507 567 668 594 omnes
700 554 879 594 uillicos
912 557 955 595 et
986 555 1176 595 colonos
1207 555 1398 595 abbacie
1431 554 1688 607 attinentes,
1721 559 1771 595 ut
1799 556 1873 596 uel
1897 557 2158 597 recederent

506 640 531 667 a
578 626 774 667 seruicio
821 626 1012 667 abbacie
1059 628 1133 667 uel
1180 628 1410 668 soluerent
1460 631 1636 668 tantam
1683 641 1917 668 summam
1964 628 2157 681 pecunie

503 699 693 740 domino
720 699 950 752 episcopo,
983 704 1205 754 quantam
1231 699 1319 740 sibi
1342 700 1554 753 placeret,
1587 703 1642 753 et,
1668 700 1874 741 nolentes
1900 701 2156 742 consentire

502 771 549 811 in
590 772 780 811 alteram
822 775 998 824 partem
1038 772 1317 813 disiunctiue
1360 772 1575 825 predicte,
1623 777 1773 813 essent
1815 773 2046 814 sentencia
2088 786 2158 814 ex-

503 843 938 885 communicationis
980 844 1251 885 auctoritate
1290 844 1494 899 episcopi
1526 845 1785 886 Arusiensis
1817 845 2039 886 innodati.
2103 846 2159 887 Et

503 916 569 957 sic
614 916 718 956 fecit
765 917 937 970 pluries
978 930 1085 958 cum
1126 917 1296 958 eisdem
1338 917 1549 970 subditis,
1596 918 1910 972 extorquendo
1949 918 2007 959 ab
2046 918 2157 972 ipsis

504 989 717 1030 denarios
750 990 921 1030 multos
953 994 1112 1030 contra
1145 991 1283 1030 deum
1317 993 1359 1030 et
1390 990 1620 1031 iusticiam
1654 994 1695 1031 et
1727 994 1885 1031 contra
1918 990 2157 1044 priuilegia

504 1061 660 1102 abbati
693 1066 734 1102 et
765 1062 1015 1103 conuentui
1049 1074 1282 1114 concessa,
1324 1076 1416 1116 quo
1458 1064 1667 1117 adusque
1698 1063 1745 1103 in
1778 1067 1958 1104 tantum
1991 1064 2158 1117 depau-

504 1135 647 1187 perati
689 1139 839 1176 essent
878 1148 1040 1176 omnes
1087 1147 1226 1175 causa
1273 1135 1562 1187 extorsionis,
1609 1148 1750 1189 quam
1790 1135 2157 1189 frequentissime

503 1207 700 1248 faciebat
746 1211 904 1249 contra
950 1207 1068 1257 illos,
1116 1208 1317 1249 maxime
1364 1208 1411 1248 in
1456 1212 1663 1261 tempore
1703 1209 1989 1249 auctumnali
2029 1212 2073 1249 et
2110 1209 2157 1249 in

503 1280 604 1334 alijs
650 1280 951 1333 temporibus,
998 1280 1169 1335 quibus
1215 1280 1390 1335 aliquid
1437 1280 1605 1321 lucrari
1651 1281 1882 1333 deberent,
1929 1283 2053 1336 quod
2100 1283 2157 1322 ad

503 1357 677 1394 tantam
711 1353 895 1394 deducti
928 1357 1035 1393 sunt
1066 1353 1286 1406 inopiam,
1319 1354 1444 1407 quod
1476 1357 1643 1394 terram
1673 1353 1864 1394 abbacie
1888 1354 2156 1395 attinentem

503 1426 651 1467 colere
694 1438 787 1466 non
828 1430 1029 1479 possent,
1078 1427 1153 1466 sed
1194 1439 1219 1466 a
1260 1427 1438 1466 cultura
1482 1426 1688 1466 eiusdem
1727 1431 1844 1467 terre
1882 1428 2155 1468 recederent.

505 1499 638 1539 Item
671 1499 793 1539 idem
817 1498 1074 1552 episcopus,
1109 1498 1361 1552 pontificali
1393 1498 1615 1551 grauitate
1638 1499 1808 1540 omissa
1832 1503 1873 1539 et
1895 1500 2158 1541 reuerencia

503 1571 604 1612 loco
637 1584 767 1612 sacro
800 1571 950 1612 debita
985 1584 1079 1611 non
1113 1575 1308 1623 seruata,
1357 1557 1581 1612 uiolenter
1621 1571 1864 1612 abbaciam
1906 1572 2078 1613 inuasit
2118 1577 2159 1613 et

503 1643 550 1683 in
583 1645 850 1697 despectum
882 1644 1237 1696 monachorum,
1272 1644 1621 1685 ostendencium
1654 1648 1696 1685 et
1727 1645 1982 1697 legencium
2011 1645 2159 1686 indul-

504 1716 712 1769 genciam
761 1717 848 1757 sibi
895 1730 921 1757 a
959 1717 1065 1757 sede
1106 1717 1358 1770 apostolica
1399 1729 1682 1768 concessam,
1730 1716 1776 1757 in
1823 1730 1914 1771 qua
1958 1717 2159 1759 contine-

504 1789 651 1840 batur,
685 1793 734 1829 ut
764 1789 887 1830 idem
921 1789 1165 1842 episcopus
1193 1790 1369 1830 nullam
1395 1790 1583 1830 haberet
1608 1789 1972 1830 iurisdictionem
2000 1794 2158 1831 contra

503 1861 694 1902 abbacie
726 1861 983 1912 attinentes,
1016 1862 1201 1915 propria
1236 1875 1378 1902 manu
1411 1862 1580 1902 ostium
1614 1862 1782 1902 domus
1806 1862 1996 1903 abbacie
2022 1863 2158 1904 hosti-

504 1933 603 1974 liter
645 1934 878 1986 confregit.
952 1934 1088 1974 Item
1128 1934 1249 1975 idem
1293 1934 1538 1988 episcopus
1578 1947 1657 1987 per
1704 1934 1918 1975 satellites
1957 1949 2066 1976 suos
2111 1936 2157 1976 in

504 2006 630 2046 curia
678 2006 869 2047 abbacie
911 2008 1137 2048 Beronem
1186 2008 1469 2048 monachum
1513 2011 1554 2047 et
1601 2007 1887 2046 sacerdotem
1935 2004 2158 2058 captiuari

505 2079 622 2130 fecit,
664 2083 705 2120 et
746 2079 853 2120 resti
887 2083 1102 2133 preacuta
1135 2079 1254 2120 circa
1288 2080 1427 2133 pedes
1459 2080 1610 2119 nudos
1644 2083 1684 2119 et
1716 2091 1847 2119 crura
1882 2078 1968 2118 sub
2000 2081 2159 2118 uentre

506 2151 611 2205 equi
650 2151 803 2204 ipsum
844 2151 1069 2205 portantis
1108 2153 1164 2192 ad
1213 2152 1313 2193 loca
1353 2151 1534 2205 penalia
1583 2151 1746 2191 uinciri
1787 2150 1912 2201 fecit,
1959 2154 2000 2191 et
2040 2153 2158 2203 post-

508 2224 699 2264 modum
746 2224 1050 2278 compedibus
1097 2228 1140 2265 et
1185 2225 1360 2264 truncis
1407 2224 1525 2265 circa
1574 2236 1672 2264 ‚xlx
1721 2223 2003 2276 septimanas
2056 2221 2159 2262 fecit

506 2298 704 2337 eundem
746 2297 1027 2338 monachum
1070 2297 1162 2337 fere
1203 2310 1348 2350 usque
1388 2298 1446 2337 ad
1486 2300 1680 2337 mortem
1720 2296 1979 2336 inhumano
2019 2295 2157 2335 modo

506 2371 553 2410 in
587 2369 743 2410 multis
775 2370 929 2423 ipsum
962 2370 1258 2422 aggrauando
1291 2369 1466 2422 puniri;
1514 2372 1557 2409 et
1595 2369 1793 2409 eundem
1836 2367 2023 2421 spoliari
2056 2366 2158 2407 fecit

506 2442 653 2483 tribus
685 2443 814 2496 equis
847 2442 1080 2495 preciosis,
1128 2442 1347 2493 uestibus,
1395 2441 1594 2495 denarijs
1634 2441 1814 2494 cupreis
1847 2445 1888 2481 et
1920 2439 2156 2492 sterlingiS‚

508 2528 677 2568 panno,
712 2515 850 2556 rebus
882 2515 983 2568 alijs
1015 2528 1156 2569 quam
1189 2514 1401 2567 plurimis
1433 2514 1549 2554 ultra
1584 2515 1790 2554 ualorem
1823 2517 2009 2554 centum
2043 2524 2157 2552 mar-

509 2600 689 2639 carum,
743 2601 832 2642 que
879 2587 1036 2628 omnia
1085 2586 1225 2627 missa
1271 2587 1456 2627 fuerunt
1502 2599 1581 2639 per
1627 2586 1801 2627 dictum
1848 2586 2056 2637 fratrem,
2111 2588 2158 2624 ut

510 2659 785 2701 ducerentur
814 2660 861 2700 in
880 2659 1111 2701 Sclauiam
1143 2660 1200 2699 ad
1234 2660 1483 2699 emendum
1515 2671 1751 2700 annonam
1784 2659 1841 2698 ad
1874 2658 2156 2711 pascendum

597 2820 631 2856 3.
665 2821 710 2856 fit
734 2820 885 2856 addidi.
949 2820 982 2855 7.
1015 2819 1439 2855 alteramzalteram
1471 2821 1629 2863 utram3
1660 2817 1915 2854 disiunctiua
1945 2818 2039 2862 (pro
2070 2815 2156 2852 sub-

509 2877 808 2922 stantiuo):d.
834 2877 1030 2913 condicio
1056 2877 1116 2912 vel
1138 2877 1175 2911 d.
1201 2876 1416 2912 sententia.
1483 2877 1544 2912 12.
1570 2886 1697 2912 causa
1722 2874 1877 2921 scripsi,
1911 2880 1958 2910 ca
1982 2872 2156 2910 scribam

510 2934 608 2970 dare
647 2935 818 2970 voluisse
849 2937 982 2978 1·c1tus,·
1027 2933 1096 2969 sed
1133 2935 1262 2979 potest
1301 2936 1341 2969 ta
1375 2933 1462 2980 Ieyi,
1512 2933 1678 2978 ideoque
1710 2943 1863 2978 pat-um
1903 2934 2003 2967 recte
2043 2933 2155 2966 tanta

510 2991 669 3037 scripsit
689 2990 904 3036 Lanyebelc
929 2993 964 3027 et
988 2991 1241 3027 extorsionis
1269 2990 1310 3026 in
1334 2991 1574 3027 extorsione
1607 2989 1759 3027 mutari
1784 2989 1918 3025 voluit.
1981 2989 2044 3024 26.
2067 2988 2158 3033 posi

511 3048 608 3094 equi
639 3047 771 3083 scriba
795 3048 877 3094 ipse
902 3048 978 3084 tria
1003 3048 1087 3094 fere
1111 3046 1229 3083 verba
1254 3048 1386 3085 erasit.
1473 3050 1689 3094 portantes
1715 3044 1781 3091 CS,
1810 3056 1910 3082 corr.
1930 3043 2154 3091 Lanyebelc.

514 3105 577 3140 30.
610 3105 878 3151 interpunctio
912 3107 1006 3151 post
1043 3105 1247 3151 preciosis
1286 3105 1402 3149 deest,
1453 3107 1496 3141 111¹
1535 3104 1610 3140 hoc
1641 3103 1870 3140 adectiuum
1901 3102 1992 3148 fort.
2022 3100 2156 3149 potitis

511 3173 603 3198 cum
636 3162 826 3198 uestibus
858 3162 1110 3208 iungendum
1143 3161 1203 3200 sit.
