2242 3551
175 254 218 283 11.
251 253 309 281 DE
326 248 616 280 FVNDATIONE
631 246 953 276 VITAESCHOLAE.
970 246 1272 278 TVTAEVALLIS.
1289 250 1627 280 AVREAEINSVLAE
1675 243 1752 282 149

189 368 260 409 IV.
323 365 464 407 Cuius
505 363 612 404 facti
658 361 939 402 detestabilis
985 374 1146 403 rumor
1185 375 1290 404 cum
1336 366 1670 418 percrebuisset
1711 372 1752 408 et

104 440 311 483 omnium
343 450 478 479 aures
509 436 740 490 replesset,
772 433 977 475 nouitate
1010 447 1091 475 sua
1120 435 1321 489 preuiam
1346 437 1587 480 infamiam
1612 440 1750 492 auxit,

103 518 143 556 et
173 510 423 554 declarauit
454 510 575 550 istud
609 508 886 549 miraculum
914 520 1092 548 nouum
1117 507 1279 550 dictam
1305 510 1485 551 abbatis
1511 512 1748 554 infamiam

102 589 452 628 monstruosam.
516 582 584 623 Ex
621 582 711 622 hoc
749 579 885 632 igitur
924 580 997 621 die
1044 584 1086 621 et
1131 582 1348 635 deinceps
1390 584 1751 637 desperauerunt

101 673 146 701 se
177 659 328 699 locum
361 656 494 696 illum
526 659 677 696 tenere
710 666 856 707 posse.
920 653 1179 707 Episcopus
1212 667 1333 707 vero,
1371 661 1557 710 accepta
1589 671 1749 711 oppor-
1776 666 1791 694 s

99 730 302 782 tunitate,
333 728 457 770 venit
487 728 544 769 ad
578 725 912 768 monasterium
942 729 984 766 et
1008 726 1227 778 cognouit
1248 741 1408 768 verum
1435 742 1532 770 esse
1557 730 1748 772 referen-

98 804 219 845 tibus
266 801 526 853 monachis‚
581 800 705 854 quod
761 798 889 852 prius
942 798 1066 838 fama
1113 798 1381 852 diuulgante
1428 802 1647 843 didicerat
1693 805 1748 844 de

98 876 272 918 abbate.
349 875 606 928 Utrumque
652 858 745 926 <ἰη>
792 871 1047 925 capitulum
1094 873 1391 925 conuocauit,
1445 875 1660 916 abbatem
1707 880 1748 917 et

98 952 397 998 conuentum3
431 946 550 1000 cepit
580 950 773 987 tractare
805 946 860 985 de
892 944 1228 985 reformacione
1260 947 1539 1001 monasterij.
1593 948 1747 989 Abbas

96 1034 221 1075 vero,
282 1034 375 1062 non
428 1020 579 1061 ferens
633 1017 959 1060 verecundiam
1006 1030 1158 1068 suam,
1220 1018 1453 1060 vltroneus
1500 1020 1747 1073 resignauit

96 1093 343 1146 abbatiam,
389 1097 431 1135 et
469 1093 566 1146 ipse
606 1095 647 1132 et
686 1090 822 1132 ceteri
862 1090 1080 1131 monachi
1121 1090 1472 1143 resignauerunt
1512 1093 1667 1134 locum
1698 1094 1743 1134 in

96 1180 284 1208 manum
331 1165 535 1220 episcopi
581 1164 839 1216 memorati,
891 1162 1081 1217 quidam
1128 1176 1353 1217 expresse,
1400 1165 1589 1219 quidam
1638 1179 1745 1208 vero

94 1240 299 1291 tacendo,
345 1252 439 1280 non
486 1237 586 1278 ausi
634 1236 965 1285 contradicere3
1014 1240 1056 1277 et
1099 1236 1207 1291 quia
1253 1240 1509 1290 tacuerunt,
1556 1238 1744 1280 iudicati

95 1316 200 1353 sunt
229 1312 474 1366 postmodo
505 1311 701 1351 tacendo
734 1308 1035 1350 consensisse.
1088 1309 1416 1361 Cognouerunt
1448 1311 1570 1352 enim
1605 1325 1652 1352 se
1683 1312 1744 1352 ita

93 1385 285 1426 infames
307 1385 450 1425 factos
475 1396 586 1435 esse,
616 1386 662 1424 vt
684 1382 875 1423 minime
901 1381 965 1422 ibi
988 1386 1177 1435 possent
1199 1382 1354 1424 viuere
1378 1384 1552 1438 absque
1577 1385 1743 1425 rubore

94 1461 135 1498 et
164 1457 368 1511 periculo
400 1457 663 1497 animarum
689 1468 879 1496 suarum
905 1459 947 1496 et
971 1455 1222 1509 opprobrio
1247 1456 1519 1498 vehementi.
1568 1458 1743 1499 Omnes

92 1530 226 1582 igitur
279 1531 510 1583 elegerunt
555 1529 698 1570 alium
745 1529 922 1580 locum,
979 1530 1057 1569 sed
1103 1528 1330 1570 differenti
1378 1531 1540 1583 modo,
1596 1535 1744 1584 preter

93 1607 302 1657 quatuor,
349 1616 465 1657 quos
506 1602 678 1643 ibidem
714 1601 920 1655 permisit
958 1601 1202 1655 episcopus
1249 1615 1487 1643 remanere
1533 1604 1591 1644 ad
1632 1604 1742 1645 cele-

92 1676 316 1717 brandam
349 1675 633 1716 dominicam
666 1678 769 1715 octo
802 1674 1098 1727 monialibus,
1145 1688 1234 1728 que
1266 1674 1438 1716 ibidem
1472 1680 1612 1717 erant.
1675 1677 1743 1717 Ex

91 1748 192 1802 alijs
222 1752 376 1790 autem
409 1748 599 1802 quidam
632 1747 885 1801 promisere
908 1760 955 1789 se
978 1752 1273 1801 suscepturos
1298 1748 1510 1789 habitum
1535 1749 1742 1790 arctioris

90 1821 341 1874 religionis;
388 1821 578 1875 quidam
618 1820 880 1873 petiuerunt
918 1820 1005 1861 sibi
1040 1820 1276 1874 prouideri
1317 1821 1364 1861 in
1396 1821 1498 1875 alijs
1529 1821 1741 1862 claustris

91 1893 295 1935 eiusdem
327 1893 573 1946 religionis,
615 1894 740 1948 quod
780 1897 822 1934 et
852 1893 1025 1934 factum
1058 1898 1136 1934 est.
1201 1893 1296 1934 Illis
1328 1907 1512 1950 quoque
1543 1898 1742 1949 quatuor

91 1966 344 2019 monachis,
376 1966 456 2021 qui
485 1979 760 2017 remansere,
792 1970 834 2006 et
859 1970 961 2007 octo
986 1966 1222 2008 sororibus
1249 1967 1475 2008 concessit
1496 1967 1740 2021 episcopus

89 2039 173 2079 tria
205 2039 470 2081 molendina
502 2039 713 2093 proxima
753 2038 928 2080 ciuitati
967 2042 1010 2080 et
1047 2052 1209 2080 omnes
1242 2053 1371 2080 areas
1403 2040 1450 2080 in
1483 2040 1667 2081 ciuitate
1698 2044 1741 2081 et

90 2113 286 2165 quedam
310 2112 400 2154 alia
422 2113 559 2165 hona,
591 2117 638 2154 vt
669 2097 769 2166 (ex)
802 2112 865 2153 eis
897 2112 1069 2154 victum
1103 2113 1337 2166 haberent,
1370 2114 1481 2154 dum
1512 2113 1738 2167 viuerent,

90 2197 172 2226 nec
202 2186 356 2238 plures
387 2185 654 2238 reciperent,
687 2186 766 2226 sed
800 2185 845 2225 in
879 2189 1023 2226 semet
1052 2185 1164 2239 ipsis
1197 2185 1454 2226 deficerent.
1501 2185 1584 2239 Alij
1615 2199 1737 2238 vero,

89 2257 166 2311 qui
197 2271 244 2299 se
276 2258 587 2312 promiserunt
617 2258 829 2299 habitum
869 2262 1141 2311 mutaturos,
1186 2262 1411 2299 venerunt
1448 2259 1506 2299 ad
1538 2260 1735 2299 Auream

90 2329 315 2381 Insulam;
346 2331 503 2386 ibique
535 2343 641 2372 cum
674 2344 767 2372 non
800 2331 985 2372 fuerunt
1017 2331 1103 2372 sub
1135 2334 1259 2372 arcta
1290 2331 1445 2384 regula
1478 2332 1735 2373 conuersati

89 2415 233 2456 neque
285 2408 467 2445 assueta
519 2404 637 2445 vicia
690 2403 994 2458 reliquerunt,
1056 2403 1227 2445 reuersi
1279 2407 1386 2444 sunt
1430 2405 1488 2444 ad
1535 2405 1735 2458 priorem

86 2475 239 2516 locum
280 2480 501 2530 tanquam
541 2489 678 2517 canes
719 2477 778 2517 ad
810 2476 1035 2518 vomitum
1078 2479 1121 2517 et
1159 2480 1378 2529 ceperunt
1419 2477 1539 2518 male
1581 2477 1735 2519 viuere

87 2547 202 2589 sicut
232 2549 372 2602 prius.

170 2708 204 2744 2.
245 2708 435 2755 preuiam
475 2707 601 2758 (puia)
639 2709 693 2755 G;
740 2710 921 2756 primam
961 2695 1087 2759 (rima)
1124 2709 1170 2746 C.
1261 2710 1383 2747 3-4.
1432 2710 1586 2746 dictam
1625 2709 1734 2759 (dc—a)

86 2764 177 2801 abb.
225 2765 398 2802 infamia
444 2771 714 2804 monstruosa
762 2767 817 2813 G;
878 2767 929 2803 de
983 2767 1075 2803 abb.
1132 2766 1306 2803 infamia
1362 2771 1632 2804 monstruosa
1687 2768 1732 2805 C.

87 2821 120 2857 5.
153 2823 295 2859 malim
326 2827 505 2871 arrepta.
594 2825 880 2871 oportunitate
912 2825 991 2861 SH.
1069 2825 1102 2860 8.
1145 2825 1187 2860 in
1220 2825 1311 2860 add.
1345 2824 1391 2861 G.
1479 2825 1734 2862 conuocauit

84 2877 226 2939 (mea)
257 2891 311 2938 G;
343 2896 549 2929 convocat
570 2893 616 2930 C.
680 2894 742 2930 10.
773 2894 1004 2940 resignauit
1026 2894 1080 2939 ῦς
1112 2893 1296 2940 resignat
1316 2893 1361 2929 C.
1427 2894 1487 2929 18.
1514 2894 1655 2940 pmisit
1676 2894 1731 2939 G3

86 2946 250 2985 demisit
289 2949 333 2986 C.
423 2951 719 2987 celebrandam
761 2952 813 2997 R3
859 2951 1159 2987 celebrandum
1200 2950 1280 2986 SH.
1357 2951 1420 2986 21.
1460 2951 1539 2986 sibi
1577 2948 1639 2999 (si)
1677 2952 1731 2992 ῦς

86 3014 129 3039 se
160 3004 205 3041 C.
282 3007 345 3043 22.
386 3011 796 3054 quoquezautem.
873 3009 937 3044 25.
977 3019 1025 3044 ex
1064 3008 1156 3044 add.
1189 3008 1229 3043 S.
1305 3008 1367 3043 29.
1409 3008 1598 3054 priorum
1636 3007 1728 3053 fort.

87 3061 164 3107 lyp.
209 3073 344 3100 errore
390 3064 429 3100 S.
521 3065 583 3102 30.
630 3068 832 3112 tanquam
879 3076 912 3102 c.
959 3066 1010 3101 ad
1057 3066 1280 3102 vomitum:
1335 3064 1520 3101 Proverb.
1560 3065 1624 3109 26,
1661 3065 1728 3108 11,-

85 3116 189 3155 Petri
219 3130 275 3167 ep.
307 3120 356 3171 II,
388 3121 504 3168 222.

1776 1029 1815 1060 10

1773 1396 1811 1425 15

1765 2125 1807 2155 25

1761 2488 1803 2518 30
