2242 3551
323 430 383 460 iol.
400 425 470 459 44‘1

258 936 318 966 1501.
335 932 401 965 45¹1
433 935 473 964 10

433 1297 472 1326 15

330 1587 389 1618 fol.
407 1582 478 1617 45‘1

434 1660 476 1690 20

438 2023 481 2051 25

338 2168 397 2198 ffol.
416 2163 483 2197 46¹2

442 2387 487 2417 31]

496 157 578 195 408
840 164 1116 193 SCRIPTORES
1151 163 1377 191 fflsrofflffi
1411 162 1586 190 DANICAE
1619 162 1817 190 iunones

498 285 538 320 et
579 280 832 330 obsidibus,
881 292 904 318 a
954 277 1088 318 nobis
1134 277 1292 317 itidem
1335 276 1531 329 recipias
1572 288 1675 316 cum
1721 276 1847 327 regni
1896 275 2148 316 medietate.

499 353 748 393 Dominare
781 337 872 404 (tn)
912 351 956 390 in
994 349 1155 389 boreali
1190 352 1316 402 parte
1349 360 1451 388 cum
1487 347 1661 402 quiete3
1710 361 1731 387 e
1775 347 1956 399 regione
1996 351 2147 388 autem

499 424 553 463 sit
587 428 739 463 noster
770 421 781 464 Ξῖ
807 422 1111 463 Aedmundus
1143 420 1188 461 in
1224 420 1394 461 finibus
1427 420 1680 470 meridiane
1713 420 1855 473 plage.
1906 419 2054 460 Huius
2088 419 2151 460 rei

498 496 639 548 gratia
672 496 727 535 ad
762 499 802 535 te
836 507 998 534 sumus
1031 494 1185 547 legati,
1234 497 1280 532 tu
1322 505 1432 534 uero
1472 493 1587 533 bene
1626 492 1798 532 faciens
1837 492 2004 545 placito
2045 504 2152 532 con—

499 567 634 617 senti,
682 566 903 620 alioquin,
951 566 1053 606 licet
1101 566 1245 606 simus
1294 565 1434 606 semel
1482 569 1523 605 et
1569 565 1733 604 iterum
1782 577 1806 604 a
1855 564 1989 605 uobis
2033 564 2151 605 bello

498 639 740 690 deturbati,
765 639 919 679 adhuc.
940 643 1093 678 tamen
1119 637 1283 679 maiori
1310 637 1528 678 uiolentia
1555 636 1880 678 roborabimur
1908 636 2150 677 uobiscum

498 711 749 751 bellaturi«
804 711 985 761 Quibus
1018 724 1096 751 rex
1129 724 1221 751 non
1254 714 1423 751 temere
1456 709 1706 763 respondit,
1740 710 1818 749 sed
1851 708 1962 762 ipsis
1987 709 2154 749 amotis

498 783 743 824 consilium
777 797 801 823 a
836 783 930 823 suis
964 782 1186 836 quesiuit3
1230 787 1271 823 et
1304 783 1367 823 sic
1402 782 1465 822 eis
1497 782 1795 835 postmodum
1831 781 2018 835 pacifice
2050 794 2154 822 con-

499 855 649 896 sensit.
708 855 926 896 Audierat
957 855 1080 896 enim
1115 868 1139 895 a
1174 855 1282 906 suis,
1315 856 1439 908 quod
1474 855 1605 894 multi
1639 867 1830 894 suorum
1863 853 2153 903 defecissent,

499 940 583 968 nec
616 932 723 979 erat,
757 928 834 981 qui
869 929 1022 968 locum
1058 928 1355 968 morientium
1387 928 1633 980 suppleret,
1666 939 1772 966 cum
1798 927 1931 978 longe
1955 924 1967 980 ΞΞ
1990 925 2154 966 remoti

501 1014 525 1040 a
569 1000 753 1053 propria
798 1000 943 1053 patria
985 1004 1146 1040 essent.
1210 1000 1461 1051 Anglorum
1506 1012 1690 1053 quoque
1732 1012 2016 1052 quamquam
2060 1011 2156 1051 per-

500 1072 685 1125 plurimi
719 1072 1099 1124 interficerentur,
1132 1085 1354 1113 numerus
1387 1085 1544 1112 eorum
1580 1085 1675 1112 non
1705 1073 1820 1112 adeo
1845 1071 2155 1122 minuebatur,

499 1145 607 1198 quia
629 1145 676 1184 in
701 1145 897 1197 propriis
923 1145 1084 1198 positis
1109 1158 1301 1198 semper,
1325 1144 1404 1196 qui
1428 1144 1667 1184 morientis
1690 1145 1842 1184 locum
1866 1147 2156 1194 restauraret,

499 1217 833 1258 inueniebatur.
901 1216 1142 1258 Reuocatis
1183 1217 1335 1269 itaque
1374 1216 1687 1256 internuntiis:
1742 1216 1960 1257 »Vestris«
2008 1215 2158 1268 inquit

499 1302 591 1341 rex,
629 1303 678 1330 »o
712 1289 918 1342 iuuenes,
958 1289 1266 1342 legationibus
1298 1288 1550 1340 consentio,
1589 1293 1643 1340 et,
1677 1289 1742 1329 uti
1774 1288 1965 1339 dixistis,
2006 1288 2155 1328 media

502 1362 614 1402 mihi
659 1363 798 1402 libere
840 1362 921 1402 erit
960 1362 1102 1415 regim
1152 1363 1229 1402 sed
1272 1366 1426 1402 tamen
1469 1361 1662 1413 uectigal
1710 1362 1847 1402 etiam
1897 1373 1976 1409 sue
2016 1360 2156 1413 partis

503 1438 652 1475 uester
691 1448 780 1484 reX,
829 1435 1111 1489 quicumque
1152 1434 1226 1475 ille
1266 1434 1414 1483 fuerit,
1462 1433 1679 1474 exercitui
1717 1433 1845 1473 dabit
1877 1446 1992 1473 meo.
2060 1433 2158 1473 Hoc

503 1507 627 1547 enim
659 1507 725 1547 illi
758 1508 917 1551 debeo.
950 1507 1146 1560 ideoque
1179 1507 1307 1547 aliter
1339 1511 1525 1559 pactum
1560 1519 1653 1546 non
1686 1506 1864 1546 laudo.«
1900 1504 1911 1559 ΞΞ

594 1581 657 1620 15.
710 1580 879 1630 Federe
910 1580 1065 1632 itaque
1098 1580 1279 1619 firmato
1304 1579 1487 1619 obsides
1513 1580 1682 1619 dantur
1706 1578 1764 1618 ab
1792 1582 1983 1632 utraque
2010 1583 2157 1631 parte3

504 1657 545 1693 et
593 1652 655 1692 sic
697 1652 919 1692 exercitus
965 1652 1141 1692 solutus
1190 1652 1416 1692 bellorum
1464 1651 1794 1704 inportunitate
1841 1655 1994 1704 optata
2043 1651 2160 1691 letus

506 1724 676 1778 potitur
708 1737 831 1777 pace.
887 1724 1217 1765 Verumtamen
1250 1725 1364 1764 deus
1397 1737 1575 1764 memor
1608 1736 1686 1773 sue
1719 1723 1906 1776 antique
1938 1724 2158 1776 doctrine,

505 1797 675 1837 scilicet
722 1809 859 1837 omne
907 1807 1097 1848 regnum
1146 1796 1192 1836 in
1234 1810 1280 1837 se
1319 1797 1473 1849 ipsum
1514 1796 1718 1836 diuisum
1764 1795 1842 1836 diu
1890 1809 2159 1849 permanere

505 1883 598 1910 non
646 1882 793 1922 posse,
842 1882 933 1909 non
982 1869 1117 1921 longo
1167 1873 1269 1922 post
1315 1873 1522 1921 tempore
1562 1869 1890 1908 Aedmundum
1939 1868 2094 1909 eduxit
2137 1881 2159 1908 e

507 1954 719 1994 corpore,
774 1942 1025 1993 Anglorum
1077 1942 1288 1982 misertus
1336 1940 1538 1993 imperii,
1592 1954 1648 1980 ne
1695 1943 1827 1992 forte,
1886 1941 1923 1981 si
1970 1945 2160 1995 uterque

510 2014 838 2067 superuiueret,
887 2018 1045 2054 neuter
1092 2018 1299 2067 regnaret
1346 2025 1516 2058 secure.
1565 2017 1607 2053 et
1652 2025 1844 2066 regnum
1884 2013 2043 2053 diatim
2087 2013 2162 2053 ad-

508 2087 776 2127 nihilaretur
830 2090 1051 2127 renouata
1107 2086 1411 2127 contentione.
1505 2085 1758 2126 Defunctus
1811 2093 1965 2126 autem
2012 2085 2161 2138 regius

512 2159 693 2199 iuuenis
725 2158 847 2210 regio
880 2159 1136 2199 tumulatur
1166 2157 1177 2212 ΞΞ
1209 2159 1469 2212 sepulchro,
1516 2158 1710 2199 defletus
1753 2158 1832 2198 diu
1871 2159 2163 2212 multumque

510 2245 533 2271 a
568 2230 786 2284 patriensi
820 2232 1012 2284 populo;
1053 2231 1125 2272 cui
1159 2232 1272 2271 deus
1305 2244 1441 2271 omne
1474 2230 1693 2282 gaudium
1728 2231 1899 2271 tribuat
1930 2231 1977 2271 in
2009 2230 2162 2271 celesti

511 2303 638 2344 solio.
703 2303 844 2343 Cuius
886 2304 948 2344 rei
989 2304 1129 2355 gratia
1170 2317 1276 2344 eum
1309 2303 1423 2343 deus
1454 2302 1638 2344 iusserit
1670 2303 1810 2355 obire,
1859 2316 1966 2343 mox
1997 2302 2162 2342 deinde

511 2375 676 2430 patuit;
733 2375 839 2428 quia
895 2377 1111 2417 uniuersa
1165 2376 1287 2428 regio
1335 2376 1439 2416 ilico
1489 2375 1827 2416 CNVTONEM
1877 2375 1963 2415 sibi
2010 2386 2161 2427 regem

602 2507 633 2540 1.
667 2506 810 2541 itidem
843 2506 892 2550 A,
938 2505 1148 2540 interdum
1186 2506 1226 2540 P.
1288 2505 1323 2540 2.
1356 2508 1398 2539 tu
1432 2504 1582 2540 addidi.
1672 2503 1834 2539 boreali
1868 2504 1908 2539 i1z
1943 2515 2074 2550 mary.
2108 2501 2163 2539 A3

514 2564 623 2607 recte,
658 2565 695 2598 et
714 2563 770 2598 sic
790 2563 841 2607 ὓς
874 2562 1147 2598 australiAP.
1214 2563 1275 2598 10.
1308 2562 1526 2603 remotim
1562 2565 1769 2597 remotum
1787 2560 1832 2597 P.
1899 2563 1959 2597 11.
1991 2570 2162 2607 quoque

518 2634 560 2649 :z
584 2623 735 2655 autem.
801 2620 860 2655 12.
894 2630 977 2655 non
1003 2619 1108 2655 adeo
1136 2619 1408 2655 minuebatur
1429 2629 1507 2654 om.
1527 2619 1568 2655 P.
1633 2619 1694 2655 13.
1720 2618 1869 2665 positis
1894 2618 1927 2654 A
1951 2617 2160 2661 habuerat,

453 2682 458 2685 ’
512 2676 580 2711 sed
611 2688 629 2712 s
659 2676 784 2722 finale
815 2687 979 2712 erasum
1012 2678 1085 2721 θείς
1132 2677 1281 2723 positis
1314 2676 1407 2712 item
1442 2676 1533 2723 1²1),
1580 2676 1707 2721 positi
1738 2675 1859 2711 Perlz.
1937 2677 1997 2710 14.
2031 2675 2162 2710 Reuo—

513 2734 701 2779 :catisque
722 2734 763 2769 P.
830 2734 892 2769 15.
926 2744 1162 2769 concenseo
1188 2734 1228 2769 P.
1295 2734 1353 2768 16.
1388 2732 1590 2777 libereA;
1623 2732 1803 2769 libenter
1826 2733 1869 2768 P.
1936 2733 1996 2767 18.
2029 2731 2162 2767 debeo

513 2800 591 2825 om.
629 2791 671 2825 P.
745 2791 804 2826 19.
840 2791 981 2837 itaque
1014 2791 1062 2834 Ag
1108 2801 1290 2836 namque
1324 2790 1366 2825 P.
1456 2789 1508 2825 ab
1540 2790 1593 2834 A:
1641 2801 1689 2825 ex
1724 2790 1764 2825 P.
1826 2789 2005 2825 22-23,
2038 2798 2175 2830 omne,
2224 2780 2230 2784 ’

514 2855 894 2893 regnum..posse,
942 2847 1013 2893 cfr.
1050 2846 1188 2883 Matth.
1222 2845 1379 2892 1225,
1427 2846 1519 2882 Luc.
1556 2846 1618 2892 11,
1641 2846 1700 2883 17.
1778 2846 1841 2882 23.
1883 2857 1904 2882 e
1935 2846 1987 2891 A,
2033 2846 2085 2881 de
2121 2845 2161 2880 P.

516 2903 579 2938 25.
619 2904 762 2939 diatim
807 2904 894 2948 AP,
941 2904 1096 2940 diaetim
1144 2915 1247 2940 corr.
1285 2902 1346 2940 ΑΕ,
1447 2903 1708 2939 adnihilatur
1746 2903 1790 2945 A,
1836 2913 1938 2939 corr.
1980 2901 2049 2947 A²3
2095 2901 2163 2937 ad-

516 2959 766 2996 nihilaretur
800 2961 839 2996 P.
910 2961 973 2997 26.
1006 2965 1205 2997 reuocata
1239 2962 1279 2996 P.
1359 2961 1420 2996 27.
1455 2960 1567 3006 regio
1600 2971 1678 2995 om.
1713 2961 1754 2996 P.
1826 2960 2002 2995 28—29.
2037 2969 2162 2995 omne

515 3017 713 3062 gaudium
735 3018 888 3053 ..deus
922 3028 999 3053 om.
1037 3018 1077 3053 P.
