<?xml version="1.0" encoding="UTF-8"?>
<!DOCTYPE html PUBLIC "-//W3C//DTD XHTML 1.0 Transitional//EN"
    "http://www.w3.org/TR/xhtml1/DTD/xhtml1-transitional.dtd">
<html xmlns="http://www.w3.org/1999/xhtml" xml:lang="en" lang="en">
 <head>
  <title>
</title>
<meta http-equiv="Content-Type" content="text/html;charset=utf-8" />
  <meta name='ocr-system' content='tesseract 3.04.00' />
  <meta name='ocr-capabilities' content='ocr_page ocr_carea ocr_par ocr_line ocrx_word'/>
</head>
<body>
  <div class='ocr_page' id='page_1' title='image "./scriptoresminore212gert/scriptoresminore212gert_0490.png"; bbox 0 0 2242 3551; ppageno 0'>
   <div class='ocr_carea' id='block_1_1' title="bbox 446 1112 486 1142">
    <p class='ocr_par' dir='ltr' id='par_1_1' title="bbox 446 1112 486 1142">
     <span class='ocr_line' id='line_1_1' title="bbox 446 1112 486 1142; baseline 0 0"><span class='ocrx_word' id='word_1_1' title='bbox 446 1112 486 1142; x_wconf 87' lang='lat'><strong>10</strong></span> 
     </span>
    </p>
   </div>
   <div class='ocr_carea' id='block_1_2' title="bbox 445 1475 486 1505">
    <p class='ocr_par' dir='ltr' id='par_1_2' title="bbox 445 1475 486 1505">
     <span class='ocr_line' id='line_1_2' title="bbox 445 1475 486 1505; baseline 0 0"><span class='ocrx_word' id='word_1_2' title='bbox 445 1475 486 1505; x_wconf 83' lang='lat'><strong>15</strong></span> 
     </span>
    </p>
   </div>
   <div class='ocr_carea' id='block_1_3' title="bbox 516 208 1839 249">
    <p class='ocr_par' dir='ltr' id='par_1_3' title="bbox 516 208 1839 249">
     <span class='ocr_line' id='line_1_3' title="bbox 516 208 1839 249; baseline 0.001 -1"><span class='ocrx_word' id='word_1_3' title='bbox 516 208 600 248; x_wconf 72' lang='lat'><strong>480</strong></span> <span class='ocrx_word' id='word_1_4' title='bbox 861 219 1136 248; x_wconf 83' lang='lat' dir='ltr'>SCRIPTORES</span> <span class='ocrx_word' id='word_1_5' title='bbox 1170 220 1397 248; x_wconf 82' lang='lat' dir='ltr'><strong>HISTORIAE</strong></span> <span class='ocrx_word' id='word_1_6' title='bbox 1429 220 1607 249; x_wconf 87' lang='lat' dir='ltr'><strong>DANICAE</strong></span> <span class='ocrx_word' id='word_1_7' title='bbox 1639 220 1839 249; x_wconf 89' lang='lat' dir='ltr'><strong>MINORES</strong></span> 
     </span>
    </p>
   </div>
   <div class='ocr_carea' id='block_1_4' title="bbox 515 332 2175 532">
    <p class='ocr_par' dir='ltr' id='par_1_4' title="bbox 515 332 2175 532">
     <span class='ocr_line' id='line_1_4' title="bbox 516 332 2174 389; baseline 0.002 -16"><span class='ocrx_word' id='word_1_8' title='bbox 516 333 715 385; x_wconf 85' lang='lat' dir='ltr'><strong>natione,</strong></span> <span class='ocrx_word' id='word_1_9' title='bbox 764 346 853 386; x_wconf 88' lang='lat' dir='ltr'><strong>que</strong></span> <span class='ocrx_word' id='word_1_10' title='bbox 900 333 1019 373; x_wconf 86' lang='lat' dir='ltr'><strong>circa</strong></span> <span class='ocrx_word' id='word_1_11' title='bbox 1060 332 1210 374; x_wconf 82' lang='lat' dir='ltr'><strong>Swein</strong></span> <span class='ocrx_word' id='word_1_12' title='bbox 1252 333 1538 385; x_wconf 83' lang='lat' dir='ltr'><strong>efferbuerat,</strong></span> <span class='ocrx_word' id='word_1_13' title='bbox 1587 334 1825 374; x_wconf 89' lang='lat' dir='ltr'><strong>sinistrum</strong></span> <span class='ocrx_word' id='word_1_14' title='bbox 1873 336 2174 389; x_wconf 73' lang='lat' dir='ltr'><strong>suspicantes,</strong></span> 
     </span>
     <span class='ocr_line' id='line_1_5' title="bbox 517 405 2175 460; baseline 0.002 -14"><span class='ocrx_word' id='word_1_15' title='bbox 517 419 569 446; x_wconf 90' lang='lat' dir='ltr'><strong>eo</strong></span> <span class='ocrx_word' id='word_1_16' title='bbox 609 407 733 460; x_wconf 86' lang='lat' dir='ltr'><strong>quod</strong></span> <span class='ocrx_word' id='word_1_17' title='bbox 776 405 940 446; x_wconf 89' lang='lat' dir='ltr'><strong>maiori</strong></span> <span class='ocrx_word' id='word_1_18' title='bbox 983 418 1099 459; x_wconf 90' lang='lat' dir='ltr'><strong>pene</strong></span> <span class='ocrx_word' id='word_1_19' title='bbox 1137 406 1304 446; x_wconf 86' lang='lat' dir='ltr'><strong>affectu</strong></span> <span class='ocrx_word' id='word_1_20' title='bbox 1337 419 1477 460; x_wconf 89' lang='lat' dir='ltr'><strong>quam</strong></span> <span class='ocrx_word' id='word_1_21' title='bbox 1518 410 1691 447; x_wconf 88' lang='lat' dir='ltr'><strong>ceteros</strong></span> <span class='ocrx_word' id='word_1_22' title='bbox 1733 406 1887 460; x_wconf 90' lang='lat' dir='ltr'><strong>ipsum</strong></span> <span class='ocrx_word' id='word_1_23' title='bbox 1930 408 2175 449; x_wconf 88' lang='lat' dir='ltr'><strong>uidebatur</strong></span> 
     </span>
     <span class='ocr_line' id='line_1_6' title="bbox 515 479 743 532; baseline 0 -13"><span class='ocrx_word' id='word_1_24' title='bbox 515 479 743 532; x_wconf 84' lang='lat' dir='ltr'><strong>amplecti.</strong></span> 
     </span>
    </p>
   </div>
   <div class='ocr_carea' id='block_1_5' title="bbox 516 649 2173 753">
    <p class='ocr_par' dir='ltr' id='par_1_5' title="bbox 516 649 2173 753">
     <span class='ocr_line' id='line_1_7' title="bbox 516 649 2173 696; baseline 0.001 -11"><span class='ocrx_word' id='word_1_25' title='bbox 516 651 652 696; x_wconf 87' lang='lat' dir='ltr'><strong>Caput</strong></span> <span class='ocrx_word' id='word_1_26' title='bbox 692 650 788 686; x_wconf 86' lang='lat' dir='ltr'><strong>XV.:</strong></span> <span class='ocrx_word' id='word_1_27' title='bbox 837 650 959 693; x_wconf 82' lang='lat' dir='ltr'><strong>Quod</strong></span> <span class='ocrx_word' id='word_1_28' title='bbox 1008 649 1115 685; x_wconf 87' lang='lat' dir='ltr'><strong>Dani</strong></span> <span class='ocrx_word' id='word_1_29' title='bbox 1162 649 1442 695; x_wconf 84' lang='lat' dir='ltr'><strong>procedentes</strong></span> <span class='ocrx_word' id='word_1_30' title='bbox 1489 649 1542 684; x_wconf 89' lang='lat' dir='ltr'><strong>ad</strong></span> <span class='ocrx_word' id='word_1_31' title='bbox 1588 649 1807 686; x_wconf 85' lang='lat' dir='ltr'><strong>introitum</strong></span> <span class='ocrx_word' id='word_1_32' title='bbox 1858 651 1987 687; x_wconf 88' lang='lat' dir='ltr'><strong>maris</strong></span> <span class='ocrx_word' id='word_1_33' title='bbox 2037 651 2173 687; x_wconf 88' lang='lat' dir='ltr'><strong>Vlfum</strong></span> 
     </span>
     <span class='ocr_line' id='line_1_8' title="bbox 1227 709 1460 753; baseline 0.004 -11"><span class='ocrx_word' id='word_1_34' title='bbox 1227 709 1460 753; x_wconf 76' lang='lat' dir='ltr'><strong>expectant.</strong></span> 
     </span>
    </p>
   </div>
   <div class='ocr_carea' id='block_1_6' title="bbox 512 777 2174 2097">
    <p class='ocr_par' dir='ltr' id='par_1_6' title="bbox 512 777 2174 2097">
     <span class='ocr_line' id='line_1_9' title="bbox 612 777 2173 865; baseline 0 -12"><span class='ocrx_word' id='word_1_35' title='bbox 612 777 847 854; x_wconf 65' lang='lat' dir='ltr'><strong>Redietus</strong></span> <span class='ocrx_word' id='word_1_36' title='bbox 895 824 1005 852; x_wconf 89' lang='lat' dir='ltr'><strong>uero</strong></span> <span class='ocrx_word' id='word_1_37' title='bbox 1043 811 1188 863; x_wconf 70' lang='lat' dir='ltr'><strong>Vltus,</strong></span> <span class='ocrx_word' id='word_1_38' title='bbox 1236 811 1505 852; x_wconf 86' lang='lat' dir='ltr'><strong>conuocatis</strong></span> <span class='ocrx_word' id='word_1_39' title='bbox 1548 811 1698 863; x_wconf 80' lang='lat' dir='ltr'><strong>sociis,</strong></span> <span class='ocrx_word' id='word_1_40' title='bbox 1745 824 1945 865; x_wconf 88' lang='lat' dir='ltr'><strong>quorum</strong></span> <span class='ocrx_word' id='word_1_41' title='bbox 1984 813 2173 853; x_wconf 89' lang='lat' dir='ltr'><strong>arbitrio</strong></span> 
     </span>
     <span class='ocr_line' id='line_1_10' title="bbox 515 883 2173 937; baseline 0.001 -13"><span class='ocrx_word' id='word_1_42' title='bbox 515 897 699 924; x_wconf 89' lang='lat' dir='ltr'><strong>summa</strong></span> <span class='ocrx_word' id='word_1_43' title='bbox 731 884 967 936; x_wconf 82' lang='lat' dir='ltr'><strong>regiminis</strong></span> <span class='ocrx_word' id='word_1_44' title='bbox 1000 883 1379 937; x_wconf 79' lang='lat' dir='ltr'><strong>promouebatur,</strong></span> <span class='ocrx_word' id='word_1_45' title='bbox 1426 896 1533 924; x_wconf 81' lang='lat' dir='ltr'><strong>cuni</strong></span> <span class='ocrx_word' id='word_1_46' title='bbox 1572 884 1663 923; x_wconf 86' lang='lat' dir='ltr'><strong>illis</strong></span> <span class='ocrx_word' id='word_1_47' title='bbox 1701 884 1895 924; x_wconf 89' lang='lat' dir='ltr'><strong>contulit</strong></span> <span class='ocrx_word' id='word_1_48' title='bbox 1938 884 1993 925; x_wconf 91' lang='lat' dir='ltr'><strong>de</strong></span> <span class='ocrx_word' id='word_1_49' title='bbox 2025 884 2173 926; x_wconf 86' lang='lat' dir='ltr'><strong>forma</strong></span> 
     </span>
     <span class='ocr_line' id='line_1_11' title="bbox 514 956 2174 1010; baseline 0.001 -13"><span class='ocrx_word' id='word_1_50' title='bbox 514 957 852 1010; x_wconf 79' lang='lat' dir='ltr'><strong>proficiscendi7</strong></span> <span class='ocrx_word' id='word_1_51' title='bbox 886 969 1039 1010; x_wconf 89' lang='lat' dir='ltr'><strong>quoue</strong></span> <span class='ocrx_word' id='word_1_52' title='bbox 1071 956 1117 996; x_wconf 90' lang='lat' dir='ltr'><strong>in</strong></span> <span class='ocrx_word' id='word_1_53' title='bbox 1151 957 1253 996; x_wconf 88' lang='lat' dir='ltr'><strong>loco</strong></span> <span class='ocrx_word' id='word_1_54' title='bbox 1287 969 1423 996; x_wconf 89' lang='lat' dir='ltr'><strong>suum</strong></span> <span class='ocrx_word' id='word_1_55' title='bbox 1458 960 1646 1009; x_wconf 83' lang='lat' dir='ltr'><strong>possent</strong></span> <span class='ocrx_word' id='word_1_56' title='bbox 1677 956 1972 997; x_wconf 84' lang='lat' dir='ltr'><strong>commodius</strong></span> <span class='ocrx_word' id='word_1_57' title='bbox 2003 958 2174 998; x_wconf 86' lang='lat' dir='ltr'><strong>aduen-</strong></span> 
     </span>
     <span class='ocr_line' id='line_1_12' title="bbox 514 1029 2173 1083; baseline 0.001 -14"><span class='ocrx_word' id='word_1_58' title='bbox 514 1035 611 1069; x_wconf 87' lang='lat' dir='ltr'><strong>tum</strong></span> <span class='ocrx_word' id='word_1_59' title='bbox 645 1029 908 1083; x_wconf 82' lang='lat' dir='ltr'><strong>prestolari3</strong></span> <span class='ocrx_word' id='word_1_60' title='bbox 954 1032 1232 1082; x_wconf 85' lang='lat' dir='ltr'><strong>occupatum</strong></span> <span class='ocrx_word' id='word_1_61' title='bbox 1276 1029 1400 1069; x_wconf 90' lang='lat' dir='ltr'><strong>enim</strong></span> <span class='ocrx_word' id='word_1_62' title='bbox 1442 1041 1488 1069; x_wconf 90' lang='lat' dir='ltr'><strong>se</strong></span> <span class='ocrx_word' id='word_1_63' title='bbox 1520 1029 1799 1082; x_wconf 76' lang='lat' dir='ltr'><strong>querebatur</strong></span> <span class='ocrx_word' id='word_1_64' title='bbox 1830 1029 1971 1081; x_wconf 84' lang='lat' dir='ltr'><strong>regali</strong></span> <span class='ocrx_word' id='word_1_65' title='bbox 2003 1030 2173 1081; x_wconf 85' lang='lat' dir='ltr'><strong>officio,</strong></span> 
     </span>
     <span class='ocr_line' id='line_1_13' title="bbox 515 1101 2174 1155; baseline 0.001 -13"><span class='ocrx_word' id='word_1_66' title='bbox 515 1107 555 1142; x_wconf 90' lang='lat' dir='ltr'><strong>et</strong></span> <span class='ocrx_word' id='word_1_67' title='bbox 596 1103 735 1143; x_wconf 87' lang='lat' dir='ltr'><strong>rebus</strong></span> <span class='ocrx_word' id='word_1_68' title='bbox 774 1101 1044 1142; x_wconf 89' lang='lat' dir='ltr'><strong>necessariis</strong></span> <span class='ocrx_word' id='word_1_69' title='bbox 1086 1114 1179 1141; x_wconf 90' lang='lat' dir='ltr'><strong>non</strong></span> <span class='ocrx_word' id='word_1_70' title='bbox 1223 1101 1310 1141; x_wconf 91' lang='lat' dir='ltr'><strong>sibi</strong></span> <span class='ocrx_word' id='word_1_71' title='bbox 1343 1101 1453 1141; x_wconf 89' lang='lat' dir='ltr'><strong>satis</strong></span> <span class='ocrx_word' id='word_1_72' title='bbox 1485 1103 1542 1141; x_wconf 89' lang='lat' dir='ltr'><strong>ad</strong></span> <span class='ocrx_word' id='word_1_73' title='bbox 1576 1105 1739 1141; x_wconf 89' lang='lat' dir='ltr'><strong>uotum</strong></span> <span class='ocrx_word' id='word_1_74' title='bbox 1772 1115 1989 1155; x_wconf 80' lang='lat' dir='ltr'><strong>prospere</strong></span> <span class='ocrx_word' id='word_1_75' title='bbox 2021 1116 2174 1143; x_wconf 88' lang='lat' dir='ltr'><strong>succe—</strong></span> 
     </span>
     <span class='ocr_line' id='line_1_14' title="bbox 514 1173 2172 1227; baseline 0 -12"><span class='ocrx_word' id='word_1_76' title='bbox 514 1175 729 1215; x_wconf 88' lang='lat' dir='ltr'><strong>dentibus</strong></span> <span class='ocrx_word' id='word_1_77' title='bbox 762 1174 1113 1227; x_wconf 79' lang='lat' dir='ltr'><strong>impediebatur.</strong></span> <span class='ocrx_word' id='word_1_78' title='bbox 1164 1173 1397 1214; x_wconf 79' lang='lat' dir='ltr'><strong>Persuasit</strong></span> <span class='ocrx_word' id='word_1_79' title='bbox 1428 1177 1583 1214; x_wconf 89' lang='lat' dir='ltr'><strong>tamen</strong></span> <span class='ocrx_word' id='word_1_80' title='bbox 1617 1173 1835 1215; x_wconf 83' lang='lat' dir='ltr'><strong>exercitui</strong></span> <span class='ocrx_word' id='word_1_81' title='bbox 1864 1175 1949 1214; x_wconf 92' lang='lat' dir='ltr'><strong>deo</strong></span> <span class='ocrx_word' id='word_1_82' title='bbox 1976 1175 2172 1216; x_wconf 85' lang='lat' dir='ltr'><strong>militare</strong></span> 
     </span>
     <span class='ocr_line' id='line_1_15' title="bbox 514 1246 2172 1302; baseline 0.001 -16"><span class='ocrx_word' id='word_1_83' title='bbox 514 1247 778 1300; x_wconf 86' lang='lat' dir='ltr'><strong>disponenti</strong></span> <span class='ocrx_word' id='word_1_84' title='bbox 816 1247 874 1286; x_wconf 89' lang='lat' dir='ltr'><strong>ad</strong></span> <span class='ocrx_word' id='word_1_85' title='bbox 913 1246 1153 1287; x_wconf 88' lang='lat' dir='ltr'><strong>introitum</strong></span> <span class='ocrx_word' id='word_1_86' title='bbox 1193 1246 1334 1286; x_wconf 90' lang='lat' dir='ltr'><strong>maris</strong></span> <span class='ocrx_word' id='word_1_87' title='bbox 1367 1246 1523 1298; x_wconf 81' lang='lat' dir='ltr'><strong>magni</strong></span> <span class='ocrx_word' id='word_1_88' title='bbox 1564 1259 1710 1300; x_wconf 89' lang='lat' dir='ltr'><strong>usque</strong></span> <span class='ocrx_word' id='word_1_89' title='bbox 1750 1248 1997 1299; x_wconf 85' lang='lat' dir='ltr'><strong>procedere</strong></span> <span class='ocrx_word' id='word_1_90' title='bbox 2036 1252 2172 1302; x_wconf 86' lang='lat' dir='ltr'><strong>atque</strong></span> 
     </span>
     <span class='ocr_line' id='line_1_16' title="bbox 513 1319 2171 1373; baseline 0.001 -14"><span class='ocrx_word' id='word_1_91' title='bbox 513 1320 677 1371; x_wconf 83' lang='lat' dir='ltr'><strong>insule,</strong></span> <span class='ocrx_word' id='word_1_92' title='bbox 709 1332 849 1372; x_wconf 89' lang='lat' dir='ltr'><strong>quam</strong></span> <span class='ocrx_word' id='word_1_93' title='bbox 885 1320 1028 1360; x_wconf 88' lang='lat' dir='ltr'><strong>Stolm</strong></span> <span class='ocrx_word' id='word_1_94' title='bbox 1062 1319 1310 1372; x_wconf 75' lang='lat' dir='ltr'><strong>appellant,</strong></span> <span class='ocrx_word' id='word_1_95' title='bbox 1353 1319 1606 1372; x_wconf 79' lang='lat' dir='ltr'><strong>applicare3</strong></span> <span class='ocrx_word' id='word_1_96' title='bbox 1654 1321 1778 1373; x_wconf 90' lang='lat' dir='ltr'><strong>quod</strong></span> <span class='ocrx_word' id='word_1_97' title='bbox 1813 1323 1855 1359; x_wconf 90' lang='lat' dir='ltr'><strong>et</strong></span> <span class='ocrx_word' id='word_1_98' title='bbox 1887 1319 2059 1359; x_wconf 87' lang='lat' dir='ltr'><strong>factum</strong></span> <span class='ocrx_word' id='word_1_99' title='bbox 2094 1324 2171 1360; x_wconf 87' lang='lat' dir='ltr'><strong>est.</strong></span> 
     </span>
     <span class='ocr_line' id='line_1_17' title="bbox 515 1392 2171 1449; baseline 0 -17"><span class='ocrx_word' id='word_1_100' title='bbox 515 1392 777 1432; x_wconf 81' lang='lat' dir='ltr'><strong>Sustinebat</strong></span> <span class='ocrx_word' id='word_1_101' title='bbox 822 1392 998 1444; x_wconf 83' lang='lat' dir='ltr'><strong>itaque,</strong></span> <span class='ocrx_word' id='word_1_102' title='bbox 1052 1393 1131 1432; x_wconf 91' lang='lat' dir='ltr'><strong>sed</strong></span> <span class='ocrx_word' id='word_1_103' title='bbox 1178 1404 1273 1432; x_wconf 90' lang='lat' dir='ltr'><strong>non</strong></span> <span class='ocrx_word' id='word_1_104' title='bbox 1321 1392 1430 1432; x_wconf 85' lang='lat' dir='ltr'><strong>satis</strong></span> <span class='ocrx_word' id='word_1_105' title='bbox 1478 1392 1721 1449; x_wconf 70' lang='lat' dir='ltr'><strong>patienter,</strong></span> <span class='ocrx_word' id='word_1_106' title='bbox 1776 1396 1824 1432; x_wconf 93' lang='lat' dir='ltr'><strong>ut</strong></span> <span class='ocrx_word' id='word_1_107' title='bbox 1871 1394 2171 1445; x_wconf 84' lang='lat' dir='ltr'><strong>postmodum</strong></span> 
     </span>
     <span class='ocr_line' id='line_1_18' title="bbox 514 1464 2172 1519; baseline 0.001 -16"><span class='ocrx_word' id='word_1_108' title='bbox 514 1464 698 1516; x_wconf 75' lang='lat' dir='ltr'><strong>claruit,</strong></span> <span class='ocrx_word' id='word_1_109' title='bbox 751 1465 1006 1504; x_wconf 87' lang='lat' dir='ltr'><strong>aduentum</strong></span> <span class='ocrx_word' id='word_1_110' title='bbox 1055 1477 1246 1504; x_wconf 90' lang='lat' dir='ltr'><strong>suorum</strong></span> <span class='ocrx_word' id='word_1_111' title='bbox 1294 1464 1539 1516; x_wconf 84' lang='lat' dir='ltr'><strong>comitum,</strong></span> <span class='ocrx_word' id='word_1_112' title='bbox 1594 1465 1764 1519; x_wconf 89' lang='lat' dir='ltr'><strong>quibus</strong></span> <span class='ocrx_word' id='word_1_113' title='bbox 1818 1464 1891 1505; x_wconf 91' lang='lat' dir='ltr'><strong>uie</strong></span> <span class='ocrx_word' id='word_1_114' title='bbox 1938 1465 2172 1519; x_wconf 88' lang='lat' dir='ltr'><strong>marisque</strong></span> 
     </span>
     <span class='ocr_line' id='line_1_19' title="bbox 514 1536 2170 1591; baseline 0.001 -15"><span class='ocrx_word' id='word_1_115' title='bbox 514 1536 782 1576; x_wconf 84' lang='lat' dir='ltr'><strong>discrimina</strong></span> <span class='ocrx_word' id='word_1_116' title='bbox 830 1550 917 1576; x_wconf 92' lang='lat' dir='ltr'><strong>usu</strong></span> <span class='ocrx_word' id='word_1_117' title='bbox 964 1536 1213 1591; x_wconf 76' lang='lat' dir='ltr'><strong>antiquiori</strong></span> <span class='ocrx_word' id='word_1_118' title='bbox 1260 1540 1302 1577; x_wconf 91' lang='lat' dir='ltr'><strong>et</strong></span> <span class='ocrx_word' id='word_1_119' title='bbox 1345 1537 1532 1577; x_wconf 88' lang='lat' dir='ltr'><strong>assidua</strong></span> <span class='ocrx_word' id='word_1_120' title='bbox 1579 1537 1876 1589; x_wconf 83' lang='lat' dir='ltr'><strong>nauigatione</strong></span> <span class='ocrx_word' id='word_1_121' title='bbox 1923 1538 2170 1578; x_wconf 86' lang='lat' dir='ltr'><strong>certificata</strong></span> 
     </span>
     <span class='ocr_line' id='line_1_20' title="bbox 513 1609 2171 1662; baseline 0.001 -14"><span class='ocrx_word' id='word_1_122' title='bbox 513 1609 705 1649; x_wconf 84' lang='lat' dir='ltr'><strong>fuerant.</strong></span> <span class='ocrx_word' id='word_1_123' title='bbox 753 1609 960 1661; x_wconf 81' lang='lat' dir='ltr'><strong>Agebant</strong></span> <span class='ocrx_word' id='word_1_124' title='bbox 992 1609 1085 1649; x_wconf 91' lang='lat' dir='ltr'><strong>illic</strong></span> <span class='ocrx_word' id='word_1_125' title='bbox 1109 1609 1197 1649; x_wconf 84' lang='lat' dir='ltr'><strong>uiri</strong></span> <span class='ocrx_word' id='word_1_126' title='bbox 1222 1609 1402 1649; x_wconf 82' lang='lat' dir='ltr'><strong>ardenti</strong></span> <span class='ocrx_word' id='word_1_127' title='bbox 1425 1610 1652 1650; x_wconf 91' lang='lat' dir='ltr'><strong>desiderio</strong></span> <span class='ocrx_word' id='word_1_128' title='bbox 1679 1609 1802 1662; x_wconf 88' lang='lat' dir='ltr'><strong>pleni</strong></span> <span class='ocrx_word' id='word_1_129' title='bbox 1826 1610 2171 1651; x_wconf 84' lang='lat' dir='ltr'><strong>hebdomadam</strong></span> 
     </span>
     <span class='ocr_line' id='line_1_21' title="bbox 514 1681 2171 1738; baseline 0.001 -18"><span class='ocrx_word' id='word_1_130' title='bbox 514 1685 555 1721; x_wconf 92' lang='lat' dir='ltr'><strong>et</strong></span> <span class='ocrx_word' id='word_1_131' title='bbox 594 1694 646 1721; x_wconf 93' lang='lat' dir='ltr'><strong>eo</strong></span> <span class='ocrx_word' id='word_1_132' title='bbox 688 1681 918 1738; x_wconf 28' lang='lat' dir='ltr'><strong>amplius&amp;</strong></span> <span class='ocrx_word' id='word_1_133' title='bbox 950 1695 1043 1722; x_wconf 90' lang='lat' dir='ltr'><strong>non</strong></span> <span class='ocrx_word' id='word_1_134' title='bbox 1087 1682 1184 1722; x_wconf 90' lang='lat' dir='ltr'><strong>sine</strong></span> <span class='ocrx_word' id='word_1_135' title='bbox 1224 1686 1383 1722; x_wconf 87' lang='lat' dir='ltr'><strong>sancto</strong></span> <span class='ocrx_word' id='word_1_136' title='bbox 1422 1686 1464 1722; x_wconf 90' lang='lat' dir='ltr'><strong>et</strong></span> <span class='ocrx_word' id='word_1_137' title='bbox 1502 1682 1729 1734; x_wconf 76' lang='lat' dir='ltr'><strong>religioso,</strong></span> <span class='ocrx_word' id='word_1_138' title='bbox 1778 1686 1826 1722; x_wconf 87' lang='lat' dir='ltr'><strong>ut</strong></span> <span class='ocrx_word' id='word_1_139' title='bbox 1867 1682 1928 1722; x_wconf 83' lang='lat' dir='ltr'><strong>ita</strong></span> <span class='ocrx_word' id='word_1_140' title='bbox 1961 1683 2171 1735; x_wconf 77' lang='lat' dir='ltr'><strong>dixerim,</strong></span> 
     </span>
     <span class='ocr_line' id='line_1_22' title="bbox 514 1753 2171 1808; baseline 0.001 -15"><span class='ocrx_word' id='word_1_141' title='bbox 514 1753 678 1805; x_wconf 77' lang='lat' dir='ltr'><strong>litigio,</strong></span> <span class='ocrx_word' id='word_1_142' title='bbox 741 1754 1043 1808; x_wconf 80' lang='lat' dir='ltr'><strong>quibusdam,</strong></span> <span class='ocrx_word' id='word_1_143' title='bbox 1105 1758 1155 1794; x_wconf 90' lang='lat' dir='ltr'><strong>ut</strong></span> <span class='ocrx_word' id='word_1_144' title='bbox 1215 1758 1528 1807; x_wconf 79' lang='lat' dir='ltr'><strong>properarent,</strong></span> <span class='ocrx_word' id='word_1_145' title='bbox 1595 1754 2002 1807; x_wconf 80' lang='lat' dir='ltr'><strong>contendentibus,</strong></span> <span class='ocrx_word' id='word_1_146' title='bbox 2069 1755 2171 1795; x_wconf 90' lang='lat' dir='ltr'><strong>aliis</strong></span> 
     </span>
     <span class='ocr_line' id='line_1_23' title="bbox 513 1826 2170 1879; baseline 0.002 -14"><span class='ocrx_word' id='word_1_147' title='bbox 513 1826 846 1866; x_wconf 79' lang='lat' dir='ltr'><strong>rationabiliter</strong></span> <span class='ocrx_word' id='word_1_148' title='bbox 892 1831 933 1866; x_wconf 91' lang='lat' dir='ltr'><strong>et</strong></span> <span class='ocrx_word' id='word_1_149' title='bbox 980 1826 1173 1866; x_wconf 91' lang='lat' dir='ltr'><strong>discrete</strong></span> <span class='ocrx_word' id='word_1_150' title='bbox 1220 1831 1379 1867; x_wconf 85' lang='lat' dir='ltr'><strong>contra</strong></span> <span class='ocrx_word' id='word_1_151' title='bbox 1427 1826 1698 1879; x_wconf 69' lang='lat' dir='ltr'><strong>nitentibus,</strong></span> <span class='ocrx_word' id='word_1_152' title='bbox 1751 1840 1807 1867; x_wconf 90' lang='lat' dir='ltr'><strong>ne</strong></span> <span class='ocrx_word' id='word_1_153' title='bbox 1856 1827 1953 1867; x_wconf 89' lang='lat' dir='ltr'><strong>sine</strong></span> <span class='ocrx_word' id='word_1_154' title='bbox 2000 1828 2170 1868; x_wconf 89' lang='lat' dir='ltr'><strong>ducatu</strong></span> 
     </span>
     <span class='ocr_line' id='line_1_24' title="bbox 513 1898 2169 1953; baseline 0.001 -15"><span class='ocrx_word' id='word_1_155' title='bbox 513 1898 848 1951; x_wconf 80' lang='lat' dir='ltr'><strong>prouidentiori</strong></span> <span class='ocrx_word' id='word_1_156' title='bbox 881 1898 964 1939; x_wconf 87' lang='lat' dir='ltr'><strong>iter</strong></span> <span class='ocrx_word' id='word_1_157' title='bbox 995 1899 1084 1939; x_wconf 92' lang='lat' dir='ltr'><strong>hoc</strong></span> <span class='ocrx_word' id='word_1_158' title='bbox 1116 1900 1315 1939; x_wconf 89' lang='lat' dir='ltr'><strong>arduum</strong></span> <span class='ocrx_word' id='word_1_159' title='bbox 1350 1903 1391 1939; x_wconf 93' lang='lat' dir='ltr'><strong>et</strong></span> <span class='ocrx_word' id='word_1_160' title='bbox 1421 1903 1561 1939; x_wconf 69' lang='lat' dir='ltr'><strong>‘mare</strong></span> <span class='ocrx_word' id='word_1_161' title='bbox 1595 1911 1817 1951; x_wconf 81' lang='lat' dir='ltr'><strong>magnum</strong></span> <span class='ocrx_word' id='word_1_162' title='bbox 1848 1903 1890 1940; x_wconf 84' lang='lat' dir='ltr'><strong>et</strong></span> <span class='ocrx_word' id='word_1_163' title='bbox 1913 1899 2169 1953; x_wconf 86' lang='lat' dir='ltr'><strong>spatiosum</strong></span> 
     </span>
     <span class='ocr_line' id='line_1_25' title="bbox 514 1971 2169 2025; baseline 0.001 -15"><span class='ocrx_word' id='word_1_164' title='bbox 514 1971 743 2023; x_wconf 78' lang='lat' dir='ltr'><strong>manibus,</strong></span> <span class='ocrx_word' id='word_1_165' title='bbox 791 1971 869 2011; x_wconf 86' lang='lat' dir='ltr'><strong>ubi</strong></span> <span class='ocrx_word' id='word_1_166' title='bbox 903 1971 1096 2023; x_wconf 79' lang='lat' dir='ltr'><strong>reptilia7</strong></span> <span class='ocrx_word' id='word_1_167' title='bbox 1139 1985 1338 2024; x_wconf 84' lang='lat' dir='ltr'><strong>quorum</strong></span> <span class='ocrx_word' id='word_1_168' title='bbox 1381 1984 1474 2011; x_wconf 87' lang='lat' dir='ltr'><strong>non</strong></span> <span class='ocrx_word' id='word_1_169' title='bbox 1514 1976 1580 2011; x_wconf 88' lang='lat' dir='ltr'><strong>est</strong></span> <span class='ocrx_word' id='word_1_170' title='bbox 1619 1974 1853 2012; x_wconf 65' lang='lat' dir='ltr'><strong>numerus*</strong></span> <span class='ocrx_word' id='word_1_171' title='bbox 1895 1971 2169 2025; x_wconf 82' lang='lat' dir='ltr'><strong>arriperent;</strong></span> 
     </span>
     <span class='ocr_line' id='line_1_26' title="bbox 512 2044 1728 2097; baseline 0.001 -14"><span class='ocrx_word' id='word_1_172' title='bbox 512 2048 552 2083; x_wconf 82' lang='lat' dir='ltr'><strong>et</strong></span> <span class='ocrx_word' id='word_1_173' title='bbox 585 2044 878 2096; x_wconf 89' lang='lat' dir='ltr'><strong>supradictus</strong></span> <span class='ocrx_word' id='word_1_174' title='bbox 911 2044 1003 2083; x_wconf 75' lang='lat' dir='ltr'><strong>dux</strong></span> <span class='ocrx_word' id='word_1_175' title='bbox 1036 2056 1179 2097; x_wconf 85' lang='lat' dir='ltr'><strong>ocyus</strong></span> <span class='ocrx_word' id='word_1_176' title='bbox 1212 2048 1443 2084; x_wconf 86' lang='lat' dir='ltr'><strong>maturare</strong></span> <span class='ocrx_word' id='word_1_177' title='bbox 1476 2044 1728 2085; x_wconf 85' lang='lat' dir='ltr'><strong>differebat.</strong></span> 
     </span>
    </p>
   </div>
   <div class='ocr_carea' id='block_1_7' title="bbox 513 2232 2166 2337">
    <p class='ocr_par' dir='ltr' id='par_1_7' title="bbox 513 2232 2166 2337">
     <span class='ocr_line' id='line_1_27' title="bbox 513 2232 2166 2279; baseline 0.002 -12"><span class='ocrx_word' id='word_1_178' title='bbox 513 2233 610 2278; x_wconf 62' lang='lat' dir='ltr'><strong>Cap.</strong></span> <span class='ocrx_word' id='word_1_179' title='bbox 642 2232 766 2268; x_wconf 64' lang='lat' dir='ltr'>RVL:</span> <span class='ocrx_word' id='word_1_180' title='bbox 812 2232 946 2277; x_wconf 72' lang='lat' dir='ltr'><strong>Quod,</strong></span> <span class='ocrx_word' id='word_1_181' title='bbox 979 2243 1142 2268; x_wconf 87' lang='lat' dir='ltr'><strong>moram</strong></span> <span class='ocrx_word' id='word_1_182' title='bbox 1177 2243 1260 2267; x_wconf 91' lang='lat' dir='ltr'><strong>non</strong></span> <span class='ocrx_word' id='word_1_183' title='bbox 1294 2233 1552 2278; x_wconf 86' lang='lat' dir='ltr'><strong>patientibus</strong></span> <span class='ocrx_word' id='word_1_184' title='bbox 1585 2233 1690 2279; x_wconf 78' lang='lat' dir='ltr'><strong>aliis,</strong></span> <span class='ocrx_word' id='word_1_185' title='bbox 1722 2233 1838 2269; x_wconf 88' lang='lat' dir='ltr'><strong>solus</strong></span> <span class='ocrx_word' id='word_1_186' title='bbox 1873 2234 2037 2270; x_wconf 84' lang='lat' dir='ltr'><strong>Sweino</strong></span> <span class='ocrx_word' id='word_1_187' title='bbox 2070 2245 2166 2270; x_wconf 87' lang='lat' dir='ltr'><strong>cum</strong></span> 
     </span>
     <span class='ocr_line' id='line_1_28' title="bbox 977 2289 1709 2337; baseline 0.003 -13"><span class='ocrx_word' id='word_1_188' title='bbox 977 2289 1115 2325; x_wconf 85' lang='lat' dir='ltr'><strong>nautis</strong></span> <span class='ocrx_word' id='word_1_189' title='bbox 1148 2290 1236 2325; x_wconf 90' lang='lat' dir='ltr'><strong>suis</strong></span> <span class='ocrx_word' id='word_1_190' title='bbox 1268 2289 1407 2325; x_wconf 87' lang='lat' dir='ltr'><strong>Vlfum</strong></span> <span class='ocrx_word' id='word_1_191' title='bbox 1441 2291 1709 2337; x_wconf 84' lang='lat' dir='ltr'><strong>prestolatur.</strong></span> 
     </span>
    </p>
   </div>
   <div class='ocr_carea' id='block_1_8' title="bbox 512 2358 2166 2520">
    <p class='ocr_par' dir='ltr' id='par_1_8' title="bbox 512 2358 2166 2520">
     <span class='ocr_line' id='line_1_29' title="bbox 605 2358 2166 2448; baseline 0.001 -14"><span class='ocrx_word' id='word_1_192' title='bbox 605 2358 830 2435; x_wconf 54' lang='lat' dir='ltr'><strong>Elidem</strong></span> <span class='ocrx_word' id='word_1_193' title='bbox 871 2393 1099 2446; x_wconf 89' lang='lat' dir='ltr'><strong>Aquilone</strong></span> <span class='ocrx_word' id='word_1_194' title='bbox 1146 2394 1347 2447; x_wconf 87' lang='lat' dir='ltr'><strong>spirante</strong></span> <span class='ocrx_word' id='word_1_195' title='bbox 1387 2395 1668 2448; x_wconf 77' lang='lat' dir='ltr'><strong>prosperius,</strong></span> <span class='ocrx_word' id='word_1_196' title='bbox 1717 2395 1795 2435; x_wconf 90' lang='lat' dir='ltr'><strong>sed</strong></span> <span class='ocrx_word' id='word_1_197' title='bbox 1843 2396 1998 2436; x_wconf 89' lang='lat' dir='ltr'><strong>minus</strong></span> <span class='ocrx_word' id='word_1_198' title='bbox 2045 2409 2166 2437; x_wconf 93' lang='lat' dir='ltr'><strong>com-</strong></span> 
     </span>
     <span class='ocr_line' id='line_1_30' title="bbox 512 2466 2166 2520; baseline 0.002 -15"><span class='ocrx_word' id='word_1_199' title='bbox 512 2466 661 2518; x_wconf 66' lang='lat' dir='ltr'><strong>mode,</strong></span> <span class='ocrx_word' id='word_1_200' title='bbox 694 2466 802 2519; x_wconf 87' lang='lat' dir='ltr'><strong>quia</strong></span> <span class='ocrx_word' id='word_1_201' title='bbox 833 2466 1127 2506; x_wconf 87' lang='lat' dir='ltr'><strong>turbulentus</strong></span> <span class='ocrx_word' id='word_1_202' title='bbox 1155 2467 1360 2514; x_wconf 80' lang='lat' dir='ltr'><strong>accessit,</strong></span> <span class='ocrx_word' id='word_1_203' title='bbox 1394 2467 1560 2518; x_wconf 83' lang='lat' dir='ltr'><strong>uulgus</strong></span> <span class='ocrx_word' id='word_1_204' title='bbox 1585 2467 1859 2507; x_wconf 87' lang='lat' dir='ltr'><strong>accelerauit</strong></span> <span class='ocrx_word' id='word_1_205' title='bbox 1882 2467 2049 2520; x_wconf 85' lang='lat' dir='ltr'><strong>inepte,</strong></span> <span class='ocrx_word' id='word_1_206' title='bbox 2082 2481 2166 2508; x_wconf 90' lang='lat' dir='ltr'><strong>nec</strong></span> 
     </span>
    </p>
   </div>
   <div class='ocr_carea' id='block_1_9' title="bbox 967 2560 2165 2568">
    <p class='ocr_par' dir='ltr' id='par_1_9' title="bbox 967 2560 2165 2568">
     <span class='ocr_line' id='line_1_31' title="bbox 967 2560 2165 2568; baseline 0 0"><span class='ocrx_word' id='word_1_207' title='bbox 967 2560 2165 2568; x_wconf 95' lang='lat' dir='ltr'><strong> </strong></span> 
     </span>
    </p>
   </div>
   <div class='ocr_carea' id='block_1_10' title="bbox 598 2620 2164 2667">
    <p class='ocr_par' dir='ltr' id='par_1_10' title="bbox 598 2620 2164 2667">
     <span class='ocr_line' id='line_1_32' title="bbox 598 2620 2164 2667; baseline 0.001 -11"><span class='ocrx_word' id='word_1_208' title='bbox 598 2620 633 2656; x_wconf 91' lang='grc'><strong>3.</strong></span> <span class='ocrx_word' id='word_1_209' title='bbox 666 2620 890 2667; x_wconf 88' lang='lat' dir='ltr'><strong>complecti</strong></span> <span class='ocrx_word' id='word_1_210' title='bbox 916 2621 955 2657; x_wconf 89' lang='lat' dir='ltr'><strong>S.</strong></span> <span class='ocrx_word' id='word_1_211' title='bbox 980 2642 1033 2646; x_wconf 74' lang='lat'><strong>-—</strong></span> <span class='ocrx_word' id='word_1_212' title='bbox 1058 2621 1092 2658; x_wconf 84' lang='lat'><strong>6.</strong></span> <span class='ocrx_word' id='word_1_213' title='bbox 1128 2622 1242 2658; x_wconf 79' lang='lat' dir='ltr'><strong>Ulws</strong></span> <span class='ocrx_word' id='word_1_214' title='bbox 1267 2622 1315 2658; x_wconf 87' lang='lat' dir='ltr'><strong>O.</strong></span> <span class='ocrx_word' id='word_1_215' title='bbox 1379 2623 1439 2658; x_wconf 90' lang='lat'><strong>11.</strong></span> <span class='ocrx_word' id='word_1_216' title='bbox 1475 2625 1614 2658; x_wconf 87' lang='lat' dir='ltr'><strong>tamen</strong></span> <span class='ocrx_word' id='word_1_217' title='bbox 1640 2622 1687 2667; x_wconf 86' lang='grc' dir='ltr'><strong>Ο,</strong></span> <span class='ocrx_word' id='word_1_218' title='bbox 1718 2623 1788 2658; x_wconf 82' lang='lat' dir='ltr'><strong>sed</strong></span> <span class='ocrx_word' id='word_1_219' title='bbox 1818 2623 1986 2658; x_wconf 87' lang='lat' dir='ltr'><strong>tandem</strong></span> <span class='ocrx_word' id='word_1_220' title='bbox 2019 2622 2164 2658; x_wconf 75' lang='lat' dir='ltr'><strong>rectius</strong></span> 
     </span>
    </p>
   </div>
   <div class='ocr_carea' id='block_1_11' title="bbox 469 2677 2165 2726">
    <p class='ocr_par' dir='ltr' id='par_1_11' title="bbox 469 2677 2165 2726">
     <span class='ocr_line' id='line_1_33' title="bbox 469 2677 2165 2726; baseline 0.002 -14"><span class='ocrx_word' id='word_1_221' title='bbox 469 2690 474 2693; x_wconf 61' lang='lat'><strong><em>¹</em></strong></span> <span class='ocrx_word' id='word_1_222' title='bbox 512 2677 679 2714; x_wconf 79' lang='lat' dir='ltr'><strong>videtur.</strong></span> <span class='ocrx_word' id='word_1_223' title='bbox 770 2678 849 2713; x_wconf 89' lang='lat' dir='ltr'><strong>deo</strong></span> <span class='ocrx_word' id='word_1_224' title='bbox 881 2678 938 2723; x_wconf 71' lang='lat'><strong>03</strong></span> <span class='ocrx_word' id='word_1_225' title='bbox 985 2679 1088 2714; x_wconf 89' lang='lat' dir='ltr'><strong>deus</strong></span> <span class='ocrx_word' id='word_1_226' title='bbox 1122 2679 1190 2714; x_wconf 84' lang='lat' dir='ltr'><strong>KL</strong></span> <span class='ocrx_word' id='word_1_227' title='bbox 1223 2679 1363 2725; x_wconf 77' lang='lat' dir='ltr'><strong>inepte.</strong></span> <span class='ocrx_word' id='word_1_228' title='bbox 1445 2680 1506 2715; x_wconf 82' lang='lat'><strong>14.</strong></span> <span class='ocrx_word' id='word_1_229' title='bbox 1538 2680 1814 2725; x_wconf 86' lang='lat' dir='ltr'><strong>sustinebant,</strong></span> <span class='ocrx_word' id='word_1_230' title='bbox 1855 2680 1877 2716; x_wconf 85' lang='lat' dir='ltr'><strong>i.</strong></span> <span class='ocrx_word' id='word_1_231' title='bbox 1912 2690 1941 2715; x_wconf 85' lang='lat' dir='ltr'><strong>e.</strong></span> <span class='ocrx_word' id='word_1_232' title='bbox 1974 2681 2165 2726; x_wconf 88' lang='lat' dir='ltr'><strong>opperie-</strong></span> 
     </span>
    </p>
   </div>
   <div class='ocr_carea' id='block_1_12' title="bbox 509 2734 2176 3122">
    <p class='ocr_par' dir='ltr' id='par_1_12' title="bbox 509 2734 2176 3122">
     <span class='ocr_line' id='line_1_34' title="bbox 512 2734 2163 2782; baseline 0.002 -13"><span class='ocrx_word' id='word_1_233' title='bbox 512 2734 677 2779; x_wconf 76' lang='lat' dir='ltr'><strong>bantur,</strong></span> <span class='ocrx_word' id='word_1_234' title='bbox 725 2737 768 2770; x_wconf 73' lang='lat' dir='ltr'><strong>uz*</strong></span> <span class='ocrx_word' id='word_1_235' title='bbox 802 2735 950 2781; x_wconf 77' lang='lat' dir='ltr'><strong>soepius</strong></span> <span class='ocrx_word' id='word_1_236' title='bbox 983 2736 1024 2771; x_wconf 83' lang='lat' dir='ltr'><strong>in</strong></span> <span class='ocrx_word' id='word_1_237' title='bbox 1064 2735 1243 2781; x_wconf 70' lang='lat' dir='ltr'><strong>Vulyczta.</strong></span> <span class='ocrx_word' id='word_1_238' title='bbox 1322 2737 1384 2772; x_wconf 87' lang='lat'><strong>16.</strong></span> <span class='ocrx_word' id='word_1_239' title='bbox 1418 2737 1657 2782; x_wconf 88' lang='lat' dir='ltr'><strong>antiquiore</strong></span> <span class='ocrx_word' id='word_1_240' title='bbox 1691 2737 1793 2773; x_wconf 75' lang='lat' dir='ltr'><strong>Mls.</strong></span> <span class='ocrx_word' id='word_1_241' title='bbox 1877 2737 1936 2772; x_wconf 88' lang='lat'><strong>17.</strong></span> <span class='ocrx_word' id='word_1_242' title='bbox 1968 2737 2054 2772; x_wconf 90' lang='lat' dir='ltr'><strong>illic</strong></span> <span class='ocrx_word' id='word_1_243' title='bbox 2086 2737 2163 2772; x_wconf 85' lang='lat' dir='ltr'><strong>viri</strong></span> 
     </span>
     <span class='ocr_line' id='line_1_35' title="bbox 511 2792 2162 2840; baseline 0.002 -14"><span class='ocrx_word' id='word_1_244' title='bbox 511 2792 706 2828; x_wconf 82' lang='lat' dir='ltr'><strong>ardentes</strong></span> <span class='ocrx_word' id='word_1_245' title='bbox 748 2792 832 2828; x_wconf 91' lang='lat' dir='ltr'><strong>des.</strong></span> <span class='ocrx_word' id='word_1_246' title='bbox 873 2792 985 2838; x_wconf 91' lang='lat' dir='ltr'><strong>pleni</strong></span> <span class='ocrx_word' id='word_1_247' title='bbox 1020 2793 1113 2838; x_wconf 69' lang='lat' dir='ltr'><strong>MA3</strong></span> <span class='ocrx_word' id='word_1_248' title='bbox 1161 2793 1240 2829; x_wconf 88' lang='lat' dir='ltr'><strong>viri</strong></span> <span class='ocrx_word' id='word_1_249' title='bbox 1278 2794 1473 2829; x_wconf 84' lang='lat' dir='ltr'><strong>ardentes</strong></span> <span class='ocrx_word' id='word_1_250' title='bbox 1512 2794 1599 2830; x_wconf 87' lang='lat' dir='ltr'><strong>illic</strong></span> <span class='ocrx_word' id='word_1_251' title='bbox 1640 2794 1724 2829; x_wconf 81' lang='lat' dir='ltr'><strong>des.</strong></span> <span class='ocrx_word' id='word_1_252' title='bbox 1758 2794 1871 2840; x_wconf 88' lang='lat' dir='ltr'><strong>pleni</strong></span> <span class='ocrx_word' id='word_1_253' title='bbox 1904 2794 1951 2839; x_wconf 76' lang='lat' dir='ltr'><strong>S3</strong></span> <span class='ocrx_word' id='word_1_254' title='bbox 1997 2794 2162 2829; x_wconf 84' lang='lat' dir='ltr'><strong>ardenti</strong></span> 
     </span>
     <span class='ocr_line' id='line_1_36' title="bbox 509 2849 2161 2897; baseline 0.002 -14"><span class='ocrx_word' id='word_1_255' title='bbox 509 2858 613 2885; x_wconf 75' lang='lat' dir='ltr'><strong>corr.</strong></span> <span class='ocrx_word' id='word_1_256' title='bbox 645 2849 689 2894; x_wconf 79' lang='lat' dir='ltr'><strong>K,</strong></span> <span class='ocrx_word' id='word_1_257' title='bbox 719 2849 788 2884; x_wconf 83' lang='lat' dir='ltr'><strong>sed</strong></span> <span class='ocrx_word' id='word_1_258' title='bbox 819 2849 963 2885; x_wconf 84' lang='lat' dir='ltr'><strong>melius</strong></span> <span class='ocrx_word' id='word_1_259' title='bbox 991 2849 1086 2895; x_wconf 76' lang='lat' dir='ltr'><strong>fort.</strong></span> <span class='ocrx_word' id='word_1_260' title='bbox 1120 2851 1211 2886; x_wconf 77' lang='lat' dir='ltr'><strong>erit:</strong></span> <span class='ocrx_word' id='word_1_261' title='bbox 1245 2850 1331 2885; x_wconf 91' lang='lat' dir='ltr'><strong>illic</strong></span> <span class='ocrx_word' id='word_1_262' title='bbox 1363 2850 1444 2885; x_wconf 90' lang='lat' dir='ltr'><strong>uiri</strong></span> <span class='ocrx_word' id='word_1_263' title='bbox 1477 2851 1672 2886; x_wconf 87' lang='lat' dir='ltr'><strong>ardentes</strong></span> <span class='ocrx_word' id='word_1_264' title='bbox 1705 2851 1788 2886; x_wconf 90' lang='lat' dir='ltr'><strong>des.</strong></span> <span class='ocrx_word' id='word_1_265' title='bbox 1822 2850 2005 2897; x_wconf 90' lang='lat' dir='ltr'><strong>plenam</strong></span> <span class='ocrx_word' id='word_1_266' title='bbox 2039 2851 2161 2887; x_wconf 75' lang='lat' dir='ltr'><strong>hebd.</strong></span> 
     </span>
     <span class='ocr_line' id='line_1_37' title="bbox 513 2906 2163 2953; baseline 0.002 -13"><span class='ocrx_word' id='word_1_267' title='bbox 513 2906 576 2940; x_wconf 84' lang='lat'><strong>20.</strong></span> <span class='ocrx_word' id='word_1_268' title='bbox 607 2909 755 2941; x_wconf 86' lang='lat' dir='ltr'><strong>contra</strong></span> <span class='ocrx_word' id='word_1_269' title='bbox 786 2906 1021 2943; x_wconf 80' lang='lat' dir='ltr'><strong>intentibus</strong></span> <span class='ocrx_word' id='word_1_270' title='bbox 1054 2906 1160 2943; x_wconf 74' lang='lat' dir='ltr'><strong>MlA.</strong></span> <span class='ocrx_word' id='word_1_271' title='bbox 1223 2908 1286 2943; x_wconf 88' lang='lat'><strong>22.</strong></span> <span class='ocrx_word' id='word_1_272' title='bbox 1320 2908 1516 2944; x_wconf 87' lang='lat' dir='ltr'><strong>manibus</strong></span> <span class='ocrx_word' id='word_1_273' title='bbox 1548 2908 1603 2953; x_wconf 76' lang='lat'><strong>03</strong></span> <span class='ocrx_word' id='word_1_274' title='bbox 1640 2907 1769 2944; x_wconf 87' lang='lat' dir='ltr'><strong>illotis</strong></span> <span class='ocrx_word' id='word_1_275' title='bbox 1803 2908 1999 2944; x_wconf 84' lang='lat' dir='ltr'><strong>manibus</strong></span> <span class='ocrx_word' id='word_1_276' title='bbox 2032 2907 2163 2953; x_wconf 68' lang='lat' dir='ltr'><strong>inepte</strong></span> 
     </span>
     <span class='ocr_line' id='line_1_38' title="bbox 512 2962 2159 3011; baseline 0.002 -15"><span class='ocrx_word' id='word_1_277' title='bbox 512 2962 600 3007; x_wconf 75' lang='lat' dir='ltr'><strong>KL3</strong></span> <span class='ocrx_word' id='word_1_278' title='bbox 648 2963 757 2998; x_wconf 82' lang='lat' dir='ltr'><strong>Iocus</strong></span> <span class='ocrx_word' id='word_1_279' title='bbox 797 2965 856 2998; x_wconf 82' lang='lat' dir='ltr'><strong>est</strong></span> <span class='ocrx_word' id='word_1_280' title='bbox 890 2963 1039 3000; x_wconf 80' lang='lat' dir='ltr'><strong>Psalm.</strong></span> <span class='ocrx_word' id='word_1_281' title='bbox 1076 2964 1167 3009; x_wconf 83' lang='lat'><em>103,</em></span> <span class='ocrx_word' id='word_1_282' title='bbox 1187 2964 1237 3000; x_wconf 77' lang='lat'><strong>25</strong></span> <span class='ocrx_word' id='word_1_283' title='bbox 1284 2964 1392 3009; x_wconf 84' lang='lat' dir='ltr'><strong>(Hoc</strong></span> <span class='ocrx_word' id='word_1_284' title='bbox 1439 2975 1553 3000; x_wconf 88' lang='lat' dir='ltr'><strong>mare</strong></span> <span class='ocrx_word' id='word_1_285' title='bbox 1601 2976 1651 3001; x_wconf 90' lang='lat' dir='ltr'><strong>m.</strong></span> <span class='ocrx_word' id='word_1_286' title='bbox 1701 2968 1739 3000; x_wconf 87' lang='lat' dir='ltr'><strong>et</strong></span> <span class='ocrx_word' id='word_1_287' title='bbox 1780 2965 2013 3011; x_wconf 86' lang='lat' dir='ltr'><strong>spatiosum</strong></span> <span class='ocrx_word' id='word_1_288' title='bbox 2061 2965 2159 3010; x_wconf 76' lang='lat' dir='ltr'><strong>(scil.</strong></span> 
     </span>
     <span class='ocr_line' id='line_1_39' title="bbox 512 3018 2161 3069; baseline 0.002 -16"><span class='ocrx_word' id='word_1_289' title='bbox 512 3018 660 3063; x_wconf 81' lang='lat' dir='ltr'><strong>fecisti)</strong></span> <span class='ocrx_word' id='word_1_290' title='bbox 698 3020 912 3065; x_wconf 86' lang='lat' dir='ltr'><strong>manibus;</strong></span> <span class='ocrx_word' id='word_1_291' title='bbox 960 3020 1046 3056; x_wconf 88' lang='lat' dir='ltr'><strong>illic</strong></span> <span class='ocrx_word' id='word_1_292' title='bbox 1087 3021 1265 3067; x_wconf 87' lang='lat' dir='ltr'><strong>reptilia,</strong></span> <span class='ocrx_word' id='word_1_293' title='bbox 1307 3032 1345 3067; x_wconf 91' lang='lat' dir='ltr'><strong>q.</strong></span> <span class='ocrx_word' id='word_1_294' title='bbox 1387 3032 1423 3057; x_wconf 89' lang='lat' dir='ltr'><strong>n.</strong></span> <span class='ocrx_word' id='word_1_295' title='bbox 1463 3033 1494 3057; x_wconf 90' lang='lat' dir='ltr'><strong>e.</strong></span> <span class='ocrx_word' id='word_1_296' title='bbox 1539 3024 1608 3069; x_wconf 87' lang='lat' dir='ltr'><strong>n.);</strong></span> <span class='ocrx_word' id='word_1_297' title='bbox 1656 3022 1725 3057; x_wconf 84' lang='lat' dir='ltr'><strong>sed</strong></span> <span class='ocrx_word' id='word_1_298' title='bbox 1763 3023 1907 3057; x_wconf 76' lang='lat' dir='ltr'><strong>auctor</strong></span> <span class='ocrx_word' id='word_1_299' title='bbox 1939 3023 2041 3057; x_wconf 74' lang='lat' dir='ltr'><strong>certe</strong></span> <span class='ocrx_word' id='word_1_300' title='bbox 2078 3032 2161 3057; x_wconf 79' lang='lat' dir='ltr'><strong>non</strong></span> 
     </span>
     <span class='ocr_line' id='line_1_40' title="bbox 512 3075 2176 3122; baseline 0.003 -12"><span class='ocrx_word' id='word_1_301' title='bbox 512 3075 632 3111; x_wconf 85' lang='lat' dir='ltr'><strong>modo</strong></span> <span class='ocrx_word' id='word_1_302' title='bbox 663 3076 749 3112; x_wconf 91' lang='lat' dir='ltr'><strong>illic</strong></span> <span class='ocrx_word' id='word_1_303' title='bbox 780 3079 951 3122; x_wconf 76' lang='lat' dir='ltr'><strong>mutare,</strong></span> <span class='ocrx_word' id='word_1_304' title='bbox 984 3077 1052 3112; x_wconf 84' lang='lat' dir='ltr'><strong>sed</strong></span> <span class='ocrx_word' id='word_1_305' title='bbox 1082 3078 1203 3113; x_wconf 78' lang='lat' dir='ltr'><strong>etiam</strong></span> <span class='ocrx_word' id='word_1_306' title='bbox 1238 3078 1433 3114; x_wconf 87' lang='lat' dir='ltr'><strong>manibus</strong></span> <span class='ocrx_word' id='word_1_307' title='bbox 1465 3078 1646 3114; x_wconf 76' lang='lat' dir='ltr'><strong>omittere</strong></span> <span class='ocrx_word' id='word_1_308' title='bbox 1678 3078 1822 3115; x_wconf 80' lang='lat' dir='ltr'><strong>debuit.</strong></span> <span class='ocrx_word' id='word_1_309' title='bbox 1857 3099 1910 3103; x_wconf 89' lang='lat'>—</span> <span class='ocrx_word' id='word_1_310' title='bbox 2172 3085 2176 3089; x_wconf 84' lang='grc'><strong>“</strong></span> 
     </span>
    </p>
   </div>
  </div>
 </body>
</html>
