2242 3551
474 244 707 273 Exonmvn
743 244 1019 273 MONASTERH
1053 245 1180 273 CARAE
1215 245 1387 273 mvaAE
1680 236 1759 274 237

106 360 319 402 dominus
352 364 519 406 noster,
568 372 782 399 summus
822 358 1027 412 pontifex
1062 359 1279 400 Urbanus
1312 373 1430 413 papa
1464 364 1670 413 quartus,
1719 359 1761 400 in

107 446 253 480 causa,
301 446 390 486 que
432 431 625 472 uertitur
666 432 781 472 inter
820 432 1036 472 abbatem
1077 437 1118 473 et
1165 437 1448 473 conuentum
1497 433 1761 485 monasterii

108 507 216 548 Care
250 505 401 546 Insule
435 504 609 545 ordinis
650 504 794 545 nostri
833 518 886 545 ex
920 518 1011 545 una
1045 510 1173 559 parte
1206 510 1248 546 et
1278 540 1284 546 .
1314 539 1321 546 .
1351 506 1619 559 episcopum
1656 508 1765 546 Aru-

106 580 298 620 siensem
346 591 399 618 ex
446 578 609 628 altera,
669 591 754 617 uos
805 577 1096 631 deputauerit
1143 583 1375 626 auctores,
1430 579 1760 619 discrecionem

108 656 300 692 uestram
336 651 613 704 requirimus
650 655 691 690 et
724 662 954 702 rogamus,
1003 651 1224 703 quatinus
1267 656 1532 691 nostrorum
1574 656 1762 705 optentu
1792 660 1806 688 s

108 723 419 778 precaminum
463 723 691 776 predictos
720 757 726 764 .
756 758 762 764 .
790 723 1004 764 abbatem
1053 728 1090 763 et
1133 728 1415 764 conuentum
1468 724 1675 765 habeatis
1721 725 1761 764 in

106 799 200 838 iure
238 810 320 837 suo
361 801 403 837 et
442 796 487 836 in
531 796 731 850 negocijs
772 797 879 837 dicti
915 797 1197 850 monasterii,
1245 801 1471 850 quantum
1507 798 1761 838 secundum

106 872 240 911 deum
273 873 314 910 et
347 869 577 910 iusticiam
612 869 832 923 poteritiS,
881 871 1247 919 commendatos7
1288 870 1469 920 Scituri,
1511 871 1635 925 quod
1670 884 1764 924 pre—

106 942 273 984 dictum
309 942 642 983 monasterium
677 943 880 997 quadam
915 943 1205 996 prerogatiua
1231 943 1490 984 dilectionis
1515 943 1763 996 diligimus,

106 1020 145 1056 ct
176 1019 327 1056 nostre
360 1015 637 1056 intencionis
670 1016 819 1056 existit
852 1016 952 1056 iura
986 1021 1027 1056 et
1054 1016 1285 1057 libertates
1312 1016 1457 1069 ipsius
1483 1016 1764 1069 monasterij,

106 1093 327 1142 quantum
360 1101 466 1129 cum
500 1090 585 1129 deo
619 1089 887 1142 poterimus,
921 1089 1252 1130 inuiolabiliter
1285 1090 1545 1130 obseruare.
1598 1090 1763 1129 Datum

106 1165 213 1215 aput
236 1161 402 1202 Vrbem
436 1166 651 1209 ueterem,
686 1166 851 1203 octauo
888 1163 996 1202 ldus
1021 1161 1163 1215 Junij,
1198 1162 1494 1215 pontificatus
1532 1166 1577 1202 ut
1611 1175 1763 1215 supra.

166 1338 331 1383 (XXIX.)
393 1339 547 1374 Littera
582 1338 742 1374 domini
777 1338 942 1374 abbatis
976 1338 1225 1375 Clareuallis
1259 1339 1307 1374 ad
1344 1339 1529 1385 reginam
1570 1340 1705 1376 Dacie.

199 1407 525 1487 Serenissime
557 1456 611 1484 ac
643 1443 952 1484 illustrissime
985 1444 1187 1495 domine,
1222 1444 1307 1484 sibi
1334 1446 1379 1484 in
1410 1445 1591 1485 Christo
1626 1445 1765 1485 karis-

107 1517 235 1567 sime,
286 1516 557 1568 Maigarete,
606 1516 677 1557 dei
719 1517 861 1569 gratia
906 1518 1144 1558 Danorum
1191 1517 1559 1571 Sclauorumque
1598 1517 1764 1569 regine,

108 1589 240 1630 frater
258 1589 513 1643 Philippus,
546 1589 694 1630 dictus
721 1590 865 1630 abbas
886 1590 1170 1637 Clareuallis,
1205 1603 1309 1630 cum
1345 1590 1472 1630 omni
1501 1591 1764 1631 reuerenc-ia

107 1666 147 1702 et
200 1662 375 1703 honore
430 1666 657 1715 promtam
716 1667 757 1701 et
819 1662 1034 1702 deuotam
1093 1663 1148 1702 ad
1206 1663 1489 1716 beneplacita
1555 1649 1764 1714 (domini)

108 1735 402 1776 uoluntatem.
452 1735 747 1776 Venerabiles
781 1735 895 1775 etin
925 1735 1107 1776 Christo
1141 1735 1292 1776 dilecti
1326 1735 1573 1776 coabbates
1608 1736 1765 1788 nostri,

107 1806 183 1860 filij
219 1806 487 1847 Clareuallis
521 1793 611 1860 (in)
647 1811 798 1848 uestro
832 1806 1041 1847 dominio
1077 1806 1327 1855 constituti,
1374 1808 1429 1847 de
1474 1807 1666 1847 domino
1700 1807 1763 1848 .T.

108 1880 338 1920 Arusiensi
386 1880 603 1933 episcopo
652 1880 997 1921 lacrimabiliter
1043 1884 1412 1933 conqueruntur,
1470 1881 1594 1933 quod
1642 1880 1764 1920 idem

107 1953 346 2006 episcopus
390 1953 532 1993 filiam
575 1957 795 2005 nostram,
844 1953 932 1994 ΘΠ]
978 1953 1203 2001 uidelicet,
1252 1953 1296 1993 in
1341 1967 1423 1993 sua
1457 1953 1627 1993 diocesi
1663 1966 1767 1993 con-

98 2022 309 2066 stitutam
339 2025 652 2079 multipliciter
684 2025 890 2067 afficiens
918 2030 959 2067 et
985 2026 1195 2078 affligens
1229 2026 1378 2079 ipsam
1405 2027 1449 2066 in
1478 2027 1767 2067 libertatibus

109 2098 201 2138 suis
247 2103 287 2139 et
334 2098 585 2153 priuilegijs
633 2099 691 2139 ab
739 2098 990 2153 apostolica
1049 2100 1154 2139 sede
1208 2099 1440 2139 concessis
1488 2103 1527 2139 et
1575 2099 1766 2147 decimis

109 2171 384 2223 prediorum,
433 2172 804 2225 parrochialibus
853 2172 989 2212 etiam
1040 2171 1244 2224 ecclesijs
1290 2173 1346 2212 ad
1393 2173 1566 2212 dictum
1611 2184 1766 2211 mona-

110 2244 292 2284 sterium
326 2245 641 2298 spectantibus
680 2258 734 2285 ac
773 2245 875 2298 alijs
915 2244 1112 2285 diuersis
1155 2245 1305 2285 modis
1347 2249 1505 2286 contra
1546 2245 1683 2284 deum
1727 2249 1766 2283 el
1794 2253 1832 2281 *Γ

110 2316 333 2357 iusticiam
368 2317 604 2372 inquietat,
652 2318 890 2371 priuilegia
933 2317 1227 2369 infringendo
1262 2318 1610 2370 procurationes
1644 2317 1767 2357 inde-

110 2389 197 2429 bite
226 2390 555 2444 extorquendO,
589 2390 791 2431 decimas
819 2390 1085 2444 prediorum
1114 2394 1156 2430 et
1184 2390 1423 2430 noualium
1452 2390 1541 2430 iam
1568 2389 1765 2440 legitime

110 2462 380 2516 prescriptas
412 2463 579 2503 iniuste
612 2465 881 2517 expetendo,
929 2462 1146 2503 ecclesias
1180 2463 1541 2513 intercludendo,
1591 2475 1766 2515 posses-

110 2534 260 2575 siones
291 2539 333 2575 et
364 2535 532 2576 allodia
573 2536 877 2577 irreuerenter
916 2535 1197 2586 inuadendo‚
1239 2536 1447 2588 jumenta
1492 2534 1765 2587 diripiendo,

111 2606 324 2648 fratribus
356 2607 463 2648 dicti
496 2608 584 2649 loci
620 2609 769 2649 minas
802 2613 844 2650 et
877 2609 1068 2649 uerbera
1103 2608 1341 2649 inferendo
1368 2620 1420 2648 ac
1445 2607 1546 2660 alijs
1572 2607 1766 2647 diuersis

110 2681 457 2730 grauaminibus
489 2681 615 2734 ipsos
650 2681 963 2735 multipliciter
990 2681 1265 2732 infestando,
1299 2692 1387 2734 que
1414 2679 1551 2719 nimis
1577 2680 1764 2731 longum

111 2756 225 2792 esset
256 2757 412 2793 tenore
444 2753 735 2806 presencium
770 2766 996 2794 enarrare.
1046 2755 1339 2806 Quapropter
1369 2753 1536 2804 regiam
1567 2756 1764 2793 uestram

113 2825 507 2876 magnificenciam
564 2826 870 2884 imploramus
926 2826 1161 2866 humiliter
1213 2830 1254 2865 et
1300 2829 1487 2876 attente,
1549 2824 1768 2878 quatinus

112 2895 275 2937 intuitu
309 2899 381 2939 dei
414 2911 468 2938 ac
499 2903 649 2939 uestre
682 2899 947 2939 reuerencia
982 2897 1267 2948 Clareuallis,
1315 2910 1403 2950 que
1446 2910 1626 2950 semper
1658 2902 1766 2950 aput

199 3007 259 3043 17.
285 3012 403 3054 ‘plutas
428 3011 490 3052 (Σ
515 3010 741 3054 promtam}
775 3008 847 3053 C53
880 3012 1069 3055 paratam
1103 3006 1327 3052 Lanyebelc.
1419 3007 1577 3042 domini
1613 3007 1764 3043 addidi.

113 3063 182 3107 cfr.
231 3062 504 3101 Ecclesiastiei
546 3066 608 3105 Δ4-1,
638 3066 669 3101 6.
751 3066 812 3101 18.
860 3070 897 3101 et
947 3066 1082 3101 omisit
1125 3063 1346 3108 Lcmqt’belf.
1428 3066 1487 3099 15).
1538 3066 1575 3098 in
1616 3064 1765 3099 addidi.

115 3120 372 3167 22,2111jgens
399 3122 460 3158 (2²³.
526 3124 588 3158 23.
615 3123 786 3169 appiica
823 3124 920 3158 sede
954 3124 1017 3159 Οἱ
1082 3124 1144 3158 29.
1179 3121 1316 3157 inuida
1352 3119 1416 3158 Οἳ

1795 1025 1833 1054 ill

1795 1525 1833 1555 15

1793 1887 1834 1918 2⁰

1795 2618 1836 2646 330
