2242 3551
397 1144 439 1175 10

401 1508 440 1537 15

399 1869 442 1900 20

399 2233 441 2263 25

462 217 549 257 474
809 224 1087 255 SCRIPTORES
1119 223 1348 253 HISTORIAE
1381 222 1559 251 DANICAE
1591 222 1792 251 MINORES

465 341 752 397 pertinentiis
784 339 1037 381 canonicos
1062 337 1502 379 Premonstratensis
1534 336 1710 377 ordinis
1742 336 1787 377 in
1822 338 1982 378 eadem
2017 336 2127 378 uilla

466 418 809 457 commorantes
839 415 1076 453 sustentat.
1126 410 1355 451 Planicies
1387 423 1572 464 quoque
1605 409 1780 449 suffusa
1813 410 1975 462 monti,
2008 409 2128 450 flori-

466 489 551 529 bus
598 486 841 528 odoriferis
887 484 1169 537 gratissima,
1224 483 1469 524 stationem
1516 482 1735 523 idoneam
1782 482 1984 523 nauibus
2031 495 2127 535 pre—

467 560 684 614 parandis
726 573 807 600 seu
845 557 1108 599 reficiendis
1147 556 1453 597 administrat.
1518 556 1568 596 In
1609 555 1698 595 hac
1736 568 1902 609 nempe
1942 555 2126 596 ciuitate

467 646 643 674 moram
686 632 831 673 fecere
871 630 960 671 uiri
1002 629 1203 682 gloriosi,
1250 642 1451 683 quorum
1498 632 1622 680 gesta
1669 628 1843 669 mando
1890 627 2127 679 memorie,

465 718 608 747 naues
641 718 747 746 suas
781 704 1036 745 reficientes
1067 707 1109 743 et
1132 702 1266 757 quasi
1289 701 1383 742 iam
1408 714 1462 742 ex
1485 713 1610 742 nouo
1634 700 1907 751 solidantes;
1941 701 2127 753 grandis

466 778 587 819 enim
621 782 663 819 et
695 778 953 832 periculosa
988 776 1127 817 nimis
1160 775 1363 816 restabat
1394 775 1484 814 uia.

465 970 601 1016 Caput
646 970 715 1006 X.:
779 968 901 1013 Quod
955 968 1007 1004 de
1052 966 1304 1012 Tunsbergh
1354 965 1600 1011 nauigantes
1647 964 1699 1000 ad
1746 964 1908 1000 insulas
1955 964 2133 1010 Seloya1=

693 1026 1004 1073 applicuerunt,
1037 1025 1095 1061 ibi
1128 1024 1180 1060 de
1212 1023 1429 1060 communi
1464 1022 1630 1068 negotio
1662 1022 1895 1058 tractaturi.

564 1097 771 1184 Interea,
804 1132 916 1172 dum
950 1131 1035 1170 hec
1067 1133 1323 1182 agerentur,
1357 1127 1446 1168 uiri
1470 1127 1661 1182 quidam
1686 1140 1740 1168 ex
1765 1126 1843 1178 eis,
1876 1126 2128 1179 assumptis

468 1218 625 1246 secum
666 1204 802 1245 sociis
834 1203 938 1254 Vlfi,
985 1202 1297 1256 properabant
1335 1202 1393 1241 ad
1434 1200 1656 1252 Swerum,
1699 1210 1852 1252 regem
1888 1198 2129 1251 Norwagie

466 1278 535 1329 (—
567 1277 838 1318 morabatur
870 1276 994 1316 enim
1026 1275 1073 1315 in
1107 1274 1300 1326 Assloia,
1343 1287 1432 1327 que
1470 1273 1635 1314 ciuitas
1668 1276 1734 1313 est
1765 1272 1896 1313 diues
1928 1272 2128 1312 multum

468 1355 509 1391 et
540 1351 783 1404 populosa,
815 1349 1039 1402 tertiaque
1071 1347 1212 1388 totius
1244 1347 1369 1399 regni
1395 1346 1596 1386 nobilior
1619 1343 1705 1398 —)‚
1738 1345 1990 1385 salutantes
2023 1357 2129 1385 eum

468 1423 833 1475 nunciantesque
865 1421 931 1462 illi
963 1434 1168 1472 causam,
1216 1424 1404 1473 propter
1436 1426 1578 1472 quam
1612 1421 1848 1470 uenerant,
1898 1431 1952 1458 ne
1997 1417 2129 1471 quasi

469 1495 645 1536 fraudis
691 1495 887 1535 alicuius
935 1493 1076 1534 emuli
1124 1496 1406 1533 notarentur.
1481 1491 1572 1542 Qui
1619 1503 1725 1532 cum
1774 1490 1943 1543 gaudio
1991 1490 2130 1530 susci-

469 1570 659 1622 piuntur
705 1568 763 1608 ab
811 1580 879 1615 eo,
928 1566 1175 1620 statimque
1217 1568 1514 1606 reuertuntur
1559 1567 1844 1617 reportantes
1892 1563 2130 1604 sodalibus

468 1641 585 1694 regis
617 1640 809 1693 gratiam
844 1643 885 1680 et
915 1639 1124 1679 fauorem
1151 1642 1194 1679 et
1218 1642 1422 1691 optatam
1449 1636 1815 1690 prosperitatem.
1864 1635 1935 1676 Illi
1960 1639 2129 1686 autem,

468 1717 649 1767 recepta
691 1712 814 1764 regia
859 1711 1148 1763 salutatione,
1195 1712 1251 1751 de
1293 1711 1366 1750 die
1405 1710 1453 1750 in
1493 1710 1616 1749 diem
1664 1713 1886 1762 parantur
1929 1709 1986 1749 ad
2025 1708 2129 1761 iter3

468 1775 550 1843 (et)
573 1788 737 1841 emptis
762 1787 849 1827 sibi
872 1786 1157 1837 necessariis,
1181 1799 1291 1826 aure
1315 1784 1621 1838 prosperioris
1643 1784 1835 1836 gratiam
1857 1783 2128 1834 obtinentes,

469 1862 572 1902 Vlfo
605 1863 800 1902 ducente
831 1859 1118 1900 recedebant.
1167 1859 1451 1899 Attolluntur
1482 1857 1530 1897 in
1563 1857 1708 1897 altum
1739 1856 1841 1897 uela
1868 1855 2128 1909 pendentia,

470 1934 782 1988 porrectisque
816 1932 1036 1973 funiculis
1068 1932 1282 1972 laxantur
1308 1931 1566 1981 inuolucra,
1600 1929 1757 1983 sicque
1782 1941 1975 1982 capaces
2000 1927 2129 1968 sinus

469 2010 545 2048 aer
576 2007 757 2047 infusus
791 2004 992 2046 extendit
1023 2009 1066 2045 et
1097 2004 1412 2058 pulcherrimo
1445 2016 1584 2043 cursu
1610 2005 1854 2055 promouet
1879 2000 2127 2054 expeditos.

469 2081 657 2121 Videres
697 2079 806 2119 hinc
844 2078 951 2118 inde
992 2077 1178 2117 turbam
1219 2076 1418 2117 ciuitatis
1458 2074 1591 2129 quasi
1624 2074 1681 2114 ad
1715 2074 1919 2114 inuisum
1955 2076 2129 2126 specta-

470 2153 626 2193 culum
674 2151 991 2192 contuendum
1038 2153 1182 2190 totam
1229 2161 1447 2202 proruere
1493 2147 1702 2200 fusisque
1748 2146 1961 2199 precibus
2001 2145 2127 2186 uiam

470 2237 737 2278 prosperam
773 2228 815 2264 et
846 2224 1069 2263 ducatum
1102 2222 1362 2274 angelicum
1394 2220 1641 2274 postulare.
1691 2218 1945 2260 Subtractis
1977 2217 2039 2259 sic
2069 2217 2128 2258 ab

469 2297 614 2338 oculis
653 2296 935 2337 intuentium
974 2295 1131 2335 fauces
1171 2293 1441 2347 aperiuntur
1472 2292 1635 2346 pelagi,
1678 2291 1940 2345 raptimque
1972 2294 2128 2331 uento-

469 2383 572 2410 rum
618 2369 825 2422 impulsu
871 2368 1017 2408 creuit
1063 2367 1189 2407 unda
1236 2366 1488 2420 procliuior
1535 2369 1577 2404 et
1623 2363 1951 2418 spumantibus
1995 2362 2128 2416 aquis

468 2442 669 2495 propulit
714 2441 994 2482 festinantes.
1071 2439 1274 2480 Veniunt
1318 2439 1506 2478 tandem
1554 2438 1611 2477 ad
1658 2436 1835 2477 insulas
1885 2436 2127 2489 quasdam,

468 2528 584 2567 quas
610 2514 781 2555 Seleiur
804 2513 1109 2566 appellamus,
1144 2512 1223 2552 ubi
1247 2510 1461 2564 repositis
1486 2509 1762 2550 utensilibus
1788 2507 2127 2560 congiratisque

556 2671 591 2706 4.
625 2680 776 2716 nempe
808 2668 847 2705 h.
883 2669 906 2704 l.
929 2683 974 2699 z
995 2668 1134 2714 igitur,
1173 2669 1217 2702 ut
1245 2677 1284 2713 p.
1319 2665 1410 2711 488,
1432 2666 1492 2701 18.
1571 2666 1605 2700 5.
1640 2675 1802 2700 moram
1838 2664 1975 2700 facere
2008 2674 2042 2698 v.
2075 2662 2124 2708 gl.

469 2727 667 2763 volebant
700 2726 865 2762 licenter
896 2725 939 2762 K.
971 2746 1026 2750 —
1059 2725 1093 2761 8.
1128 2724 1302 2771 Seloyar
1335 2723 1394 2759 vel
1425 2722 1584 2759 Seleiar
1613 2720 1888 2770 (Norwayicez
1927 2718 2127 2767 Seleyjar)

467 2784 598 2821 serbd.
632 2783 728 2829 vid.;
775 2783 948 2829 Scloyas
980 2782 1029 2827 Ο,
1061 2782 1129 2818 sed
1161 2779 1221 2816 Μ2
1253 2781 1426 2827 Seloyas
1459 2779 1644 2817 correxit.
1719 2779 1781 2814 11.
1814 2778 1903 2823 Vlfi,
1936 2777 2026 2813 Vlfo
2058 2779 2124 2812 elc.

471 2851 631 2887 semper
652 2839 843 2885 scribam,
878 2838 946 2875 ubi
976 2839 1053 2875 hoc
1079 2849 1229 2875 nomen
1256 2838 1401 2874 Latine
1431 2836 1677 2881 declinatur-3
1709 2835 1827 2879 Vlfhi
1851 2837 1917 2871 etc.
1947 2835 2125 2881 plerum-

469 2909 545 2945 que
584 2899 669 2942 MS,
718 2897 858 2944 Vlfphi
896 2897 942 2933 Α.
1023 2897 1084 2932 12.
1131 2896 1265 2932 Asloia
1311 2906 1412 2931 corr.
1461 2891 1532 2929 ΜΞ.
1612 2894 1675 2929 14.
1720 2903 1771 2929 ne
1811 2893 1905 2937 MA3
1952 2889 2047 2939 et(!)
2085 2890 2123 2926 S.

474 2968 535 3003 19.
567 2969 607 3002 et
638 2965 790 3002 addidi.
867 2965 932 3001 21.
964 2965 1186 3011 porrectis,
1218 2966 1262 3000 ut
1293 2963 1385 3008 vid„
1409 2977 1454 2994 Ξ
1476 2961 1637 2998 solutis.
1711 2962 1773 2997 25.
1806 2961 1867 2997 sic
1900 2958 1976 3003 M23
2024 2952 2052 3003 ξ,
2083 2960 2127 2994 ut

468 3034 565 3083 vid,
599 3033 679 3082 M13
720 3020 736 3068 is
762 3034 850 3081 AS,
882 3036 1023 3069 autem
1051 3033 1119 3068 KL
1150 3031 1211 3080 (ut
1230 3043 1272 3078 p.
1298 3031 1391 3076 471,
1411 3029 1488 3079 22).
1552 3031 1616 3066 27.
1648 3033 1689 3066 et
1719 3029 2059 3076 spumantibusq3
2084 3027 2122 3062 S.

468 3091 535 3126 28.
568 3090 758 3137 propulit
788 3090 950 3136 scripsi3
989 3089 1177 3136 perpulit
1207 3089 1255 3125 Ο.
1319 3089 1385 3125 29.
1420 3087 1552 3124 Seleir
1583 3087 1632 3132 Ο,
1663 3086 1831 3123 correxi.
