2242 3551
450 252 684 281 Exoava
720 251 996 280 MONASTERH
1030 252 1158 279 CARAE
1193 250 1364 278 {NsviAE
1654 240 1736 279 225

80 370 235 410 bentes
276 380 358 421 pro
398 366 571 408 eisdem
614 370 769 407 sancte
809 366 904 406 sedi
947 365 1198 418 apostolice
1239 370 1279 406 et
1312 365 1641 415 cardinalibus,
1690 370 1737 405 ut

80 441 260 482 eosdem
296 439 541 491 dignentur
573 439 618 479 in
653 439 871 479 omnibus
906 438 1183 492 supradictis
1216 438 1493 479 defensare«

163 545 287 603 (XV.)
352 512 418 590 In
473 547 827 602 quadragesima
881 547 1014 597 longe
1068 558 1208 599 supra
1261 545 1381 586 dicta
1437 545 1739 599 prohibuerat

81 621 323 675 episcopus
356 621 442 661 sub
475 634 594 674 pena
627 618 1124 661 excommunicationis
1164 618 1384 659 omnibus
1423 618 1739 660 sacerdotibus

80 695 124 735 in
167 707 247 735 sua
290 693 463 734 diocesi
507 692 781 744 constitutis,
829 705 885 732 ne
923 690 1233 732 inofficiarent
1279 691 1496 733 ecclesias
1543 695 1738 741 nostras,

81 780 268 821 sperans
316 779 395 820 per
442 767 530 807 hoc
576 779 661 807 nos
708 765 826 807 uelle
864 765 1072 806 deserere
1119 776 1210 814 eaS‚
1258 768 1307 805 ut
1354 764 1427 804 uel
1475 777 1554 818 per
1599 765 1735 806 talem

80 840 369 882 occasionem
410 839 545 880 nobis
586 853 662 880 eas
702 843 856 892 posset
899 837 1091 879 auferre.
1157 837 1287 878 Vnde
1327 838 1482 878 nullus
1524 839 1738 880 sacerdos

80 915 124 954 in
172 913 375 966 ecclesijs
423 912 589 953 nostris
645 912 843 953 audebat
897 911 1035 952 alicui
1092 910 1400 952 ecclesiastica
1449 916 1738 952 sacramenta

80 985 295 1028 conferre.
345 986 488 1038 Vnde,
522 985 790 1026 necessitate
815 985 1059 1038 compulsi,
1093 984 1302 1036 fecimus,
1335 984 1458 1037 quod
1486 984 1738 1037 potuimus,

81 1059 180 1100 licet
214 1059 360 1100 inuiti.

121 1136 126 1138 ’
559 1146 714 1182 Littera
748 1145 937 1193 episcopi
971 1145 1020 1182 ad
1056 1144 1264 1181 abbatem.

168 1215 357 1303 snum,
382 1252 454 1292 dei
480 1252 622 1304 gratia
642 1250 901 1292 Arusiensis
929 1251 1189 1305 episcopus,
1213 1250 1340 1291 fratri
1361 1251 1438 1302 4ss,
1463 1263 1545 1304 pro
1575 1251 1740 1292 abbate

80 1325 125 1365 in
169 1324 258 1366 Om
298 1338 345 1365 se
384 1324 570 1377 gerenti,
618 1329 660 1366 et
698 1324 949 1365 conuentui
989 1324 1163 1364 ibidem
1204 1323 1400 1364 salutem
1447 1323 1492 1364 in
1535 1323 1740 1366 domino.

82 1398 196 1438 Cum
238 1398 317 1438 diu
359 1402 437 1451 est,
485 1399 609 1452 quod
651 1398 737 1438 sub
785 1411 903 1451 pena
952 1395 1448 1439 excommunicationis
1497 1400 1607 1438 tunc
1654 1398 1741 1438 late

83 1472 347 1512 mandando
396 1471 685 1523 inhibemus,
745 1485 800 1511 ne
854 1470 1016 1512 fratres
1072 1470 1211 1511 uestri
1260 1470 1479 1511 monachi
1527 1470 1743 1512 ecclesias

81 1544 392 1597 parrochiales
425 1545 471 1585 in
505 1558 608 1585 rure
643 1550 795 1586 nostre
829 1545 1040 1598 dyocesis
1074 1544 1331 1585 officiarent
1363 1555 1552 1598 quoquo
1586 1544 1741 1597 modo,

82 1621 122 1657 et
160 1617 262 1671 ipsi,
311 1618 530 1659 mandato
576 1623 734 1659 nostro
782 1631 875 1659 non
923 1622 1150 1671 parentes,
1199 1620 1479 1658 memoratas
1526 1617 1742 1659 ecclesias

81 1690 412 1732 nichilominus
443 1691 766 1732 officiauerunt
799 1695 841 1732 et
873 1690 1080 1732 officiant
1111 1691 1159 1731 in
1192 1694 1509 1744 contemptum
1536 1690 1740 1732 clauiurn

83 1767 123 1804 et
168 1764 240 1805 dei
288 1763 640 1816 contumeliam,
689 1764 753 1805 sic
799 1764 944 1817 ligati,
1004 1769 1045 1805 et
1092 1764 1196 1805 licet
1242 1768 1399 1805 contra
1449 1764 1634 1805 eosdem
1684 1765 1741 1804 ad

82 1849 269 1890 presens
317 1841 433 1878 esset
479 1838 534 1878 de
581 1837 678 1878 inre
717 1837 878 1878 durius
926 1838 1287 1891 procedendum,
1335 1837 1541 1878 volentes
1587 1841 1742 1878 tamen

77 1909 193 1962 juris
232 1910 429 1963 rigorem
470 1910 517 1951 in
558 1910 645 1951 hac
688 1915 815 1964 parte
853 1924 933 1965 per
966 1910 1253 1964 pacienciam
1294 1914 1564 1963 temperare,
1612 1910 1743 1950 vobis

83 1984 167 2024 sub
200 1996 317 2037 pena
351 1983 847 2025 excommunicationis
880 1984 1009 2037 prius
1054 1985 1140 2024 late
1182 1985 1477 2035 mandamus,
1525 1982 1744 2037 quatinus

84 2060 362 2098 memoratos
410 2057 571 2098 fratres
618 2057 876 2098 monachos
915 2056 1034 2097 infra
1076 2056 1341 2110 quindecim
1392 2056 1490 2097 dies
1531 2069 1556 2096 a
1597 2056 1744 2109 publi·

85 2129 261 2170 catione
308 2130 597 2184 presencium
647 2131 703 2170 ad
750 2130 1029 2171 monasteria
1072 2143 1154 2170 sua
1201 2129 1442 2181 reuocetis,
1491 2129 1564 2170 uel
1605 2129 1758 2170 etiam·

84 2201 199 2242 infra
233 2202 354 2243 diem
388 2202 646 2255 predictum
681 2215 837 2243 coram
871 2203 1006 2244 nobis
1037 2202 1359 2256 compareatis,
1391 2202 1585 2253 docturi,
1619 2203 1743 2256 quod
1796 2211 1809 2218 ‘

84 2274 128 2315 id
162 2275 366 2328 poteritis
400 2276 548 2316 facere
589 2277 644 2316 de
684 2275 926 2329 priuilegio
967 2275 1169 2330 speciali,
1217 2288 1323 2316 cum
1364 2276 1453 2316 hoc
1479 2274 1579 2328 jure
1611 2287 1744 2316 cano-

88 2361 196 2388 num
239 2349 429 2390 minime
469 2348 772 2402 permittatur.
837 2349 1116 2390 Mandamus
1157 2348 1291 2389 uobis
1335 2347 1470 2387 etiam
1507 2347 1592 2388 sub
1626 2361 1743 2401 pena

86 2420 301 2474 predicta,
334 2425 384 2462 ut
415 2422 675 2473 emendam,
707 2435 848 2476 quam
879 2422 1014 2463 nobis
1040 2435 1122 2475 pro
1148 2424 1430 2473 contemptu,
1464 2420 1744 2462 contumelia

87 2497 126 2532 et
158 2494 413 2535 abiectione
445 2494 653 2535 inaudita
686 2495 731 2535 in
765 2495 966 2535 claustro
1005 2499 1159 2535 uestro
1193 2493 1327 2533 nobis
1359 2493 1476 2533 facta
1511 2493 1744 2545 firmastis,

87 2579 173 2619 que
205 2566 250 2607 in
285 2572 408 2608 sexta
443 2567 554 2608 feria
586 2571 691 2608 ante
724 2568 1044 2608 ascensionem
1078 2566 1255 2607 domini
1289 2565 1497 2620 proxime
1531 2565 1742 2619 preterita

88 2639 204 2680 solui
251 2640 430 2691 debuit,
477 2640 597 2680 infra
644 2640 901 2694 predictum
949 2639 1216 2694 quindecim
1264 2638 1441 2679 dierum
1492 2638 1742 2679 terminum

88 2713 372 2764 persoluatis.
436 2712 653 2767 Alioquin
687 2717 853 2754 extunc
885 2717 1043 2753 contra
1077 2725 1176 2759 uos,
1223 2715 1450 2765 quantum
1485 2712 1598 2751 ordo
1633 2711 1744 2751 iuris

88 2784 340 2837 dictauerit‚
372 2785 637 2826 fiducialius
669 2786 1013 2839 procedemus«

181 2857 319 2934 Non
367 2893 521 2934 credat
567 2892 755 2946 aliquis,
810 2893 1025 2934 abbatem
1082 2892 1168 2932 sibi
1223 2904 1447 2946 umquam
1496 2892 1739 2932 emendam

1771 1064 1810 1095 10

1771 1479 1811 1509 15

1770 1845 1812 1875 20

1771 2575 1813 2605 30

92 2964 296 3005 firmasse
329 2978 478 3019 neque
515 2965 765 3011 exibuisse;
813 2966 892 3006 sed
931 2965 1209 3006 mediatores
1243 2965 1452 3005 dixerant
1484 2968 1589 3004 ante
1622 2964 1742 3005 diem
1772 2975 1813 3005 35

180 3076 239 3110 11.
280 3074 413 3111 rubris
460 3075 609 3111 litteris.
689 3075 750 3111 15.
799 3074 941 3110 malim
990 3075 1289 3110 inliibebamus
1339 3074 1397 3109 vel
1444 3074 1744 3109 inhiberemus

97 3131 156 3169 18.
190 3131 484 3168 officiauerant
514 3130 581 3169 C8.
645 3132 708 3168 26.
742 3133 832 3168 iure
868 3131 1100 3177 Lanyebelc,
1137 3132 1226 3167 iura
1263 3129 1328 3169 CS.

160 3213 259 3241 Script.
282 3213 346 3236 hist.
370 3212 438 3237 Dan.
461 3214 586 3236 minores
1500 3200 1537 3229 15
