2242 3551
498 265 640 295 GEs‘rA
672 265 892 294 CNVTONIS
925 265 1069 294 REG1s.
1118 265 1252 294 LIBER
1285 265 1297 292 1
1644 254 1722 294 391

71 388 251 424 strenue
318 393 429 421 uero
499 381 838 433 prudenterque
905 379 1088 419 interim
1161 378 1385 419 secularia
1447 378 1727 431 disposuerit

70 455 270 507 negotia,
318 452 479 506 paucis
525 453 635 493 libet
681 453 738 492 ad
786 451 1061 492 memoriam
1101 452 1341 502 reducere,
1389 451 1607 504 quatinus
1654 451 1726 492 his

68 525 348 579 interpositis
402 525 582 565 facilius
636 525 694 565 sit
744 524 969 576 gradatim
1028 537 1108 577 per
1161 524 1245 574 hec
1291 524 1348 563 ad
1396 523 1726 577 subsequentia

69 599 356 640 descendere.
443 597 653 650 Denique
700 609 806 637 cum
855 597 983 636 nullo
1030 596 1236 637 hostium
1283 596 1473 636 incursu
1520 597 1726 650 trepidus

69 685 229 726 pacem
261 672 308 712 in
341 671 582 711 securitate
615 674 779 722 ageret,
826 668 1017 723 periculi
1058 682 1239 721 semper
1271 655 1482 721 <mem0r>
1515 682 1569 710 ac
1600 671 1726 711 uelut

67 745 279 785 instantis
326 748 536 784 metuens
582 743 629 783 id
677 742 836 783 castris
890 742 1151 791 muniebat,
1212 742 1336 795 quod
1392 742 1625 794 hostibus,
1688 743 1726 783 si

67 817 294 865 adessent,
326 815 590 856 nullatenus
623 815 815 855 fortasse
847 814 1095 864 resisteret3
1130 813 1338 867 nihilque
1371 800 1462 868 <in>
1495 816 1604 864 suis,
1637 829 1725 869 que

67 889 185 929 bello
213 888 471 929 necessaria
503 888 653 928 forent
669 884 680 942 Η
698 888 1002 941 preparando,
1035 886 1296 939 patiebatur
1327 887 1521 939 remissi,
1555 888 1726 929 scilicet

67 974 123 1002 ne
156 974 234 1014 per
265 961 426 1013 otium,
467 965 515 1000 ut
547 961 728 1012 assolet,
775 960 930 1000 uiriles
964 959 1280 999 emollirentur
1312 959 1469 999 animi.
1535 961 1724 1001 Nullum

66 1037 220 1074 tamen
274 1035 389 1074 adeo
445 1033 634 1074 difficile
687 1033 897 1073 inuenire
953 1035 1130 1085 poterat
1176 1032 1432 1084 negotium,
1494 1034 1551 1073 ad
1599 1035 1723 1087 quod

65 1106 237 1147 inuitos
260 1106 504 1160 inpulisset
528 1106 708 1157 milites,
742 1118 858 1158 quos
888 1106 1032 1145 multa
1065 1090 1162 1159 <αε>
1195 1105 1372 1145 liberali
1407 1105 1724 1147 munificentia

67 1179 152 1220 sibi
198 1179 365 1220 fecerat
410 1179 637 1219 obnoxios
686 1182 727 1218 et
773 1178 945 1219 fideles.
1034 1178 1181 1231 Atque
1227 1181 1277 1217 ut
1323 1177 1460 1230 scias,
1523 1183 1724 1231 quantus

66 1265 256 1292 suorum
290 1252 425 1293 fuerit
455 1251 502 1291 in
536 1251 802 1305 precordiis,
835 1264 918 1304 pro
951 1254 1073 1291 certo
1106 1250 1340 1290 affirmare
1368 1250 1563 1301 ualeam,
1598 1252 1722 1304 quod

67 1325 221 1365 nullus
274 1324 522 1365 formidine
574 1324 735 1364 mortis
790 1323 1048 1377 periculum
1096 1322 1340 1375 refugeret,
1396 1323 1586 1377 eiusque
1641 1337 1723 1377 pro

67 1397 282 1438 fidelitate
322 1397 534 1438 hostibus
574 1396 832 1437 innumeris
874 1396 1013 1447 solus,
1047 1393 1059 1449 Η
1097 1396 1287 1436 armatis
1327 1395 1464 1436 etiam
1506 1396 1724 1437 manibus

66 1470 216 1522 nudis,
247 1469 566 1523 inperterritus
598 1472 871 1521 occurreret,
914 1468 951 1508 si
984 1468 1201 1509 euntibus
1233 1472 1412 1508 tantum
1446 1469 1595 1520 regale
1628 1482 1724 1521 pre-

66 1546 398 1583 monstraretur
443 1542 641 1594 signum.
724 1543 786 1582 Ac
837 1555 893 1581 ne
942 1553 1014 1580 me
1061 1542 1217 1581 credat
1262 1540 1430 1595 aliquis
1476 1541 1562 1582 hec
1608 1542 1723 1582 falsa

66 1615 280 1667 fingendo
333 1614 529 1655 alicuius
583 1615 756 1655 amoris
811 1614 953 1666 gratia
1008 1613 1280 1666 compilare,
1343 1617 1463 1654 recte
1516 1614 1723 1655 animad-

66 1687 258 1728 uertenti
304 1688 351 1728 in
399 1687 789 1742 subsequentibus
835 1686 1021 1740 patebit,
1069 1690 1226 1727 utrum
1266 1699 1373 1727 uera
1421 1686 1615 1727 dixerim
1663 1700 1722 1727 an

66 1760 270 1802 minime.

150 1834 187 1873 2.
251 1833 484 1875 Omnibus
531 1833 655 1874 enim
694 1833 838 1886 liquet
877 1831 1199 1886 proculdubio,
1246 1832 1470 1885 quoniam
1511 1832 1723 1872 humani-

64 1905 166 1946 tatis
214 1906 273 1946 ita
322 1919 418 1947 sese
465 1906 635 1946 habeat
679 1906 988 1956 consuetudo,
1043 1909 1093 1945 ut
1148 1905 1420 1958 plerumque
1475 1917 1529 1945 ex
1584 1905 1721 1945 rebus

65 1991 280 2031 prospere
319 1978 589 2019 cedentibus
630 1982 806 2019 mentes
846 1979 1141 2031 quorundam
1177 1974 1189 2031 Η
1225 1977 1329 2030 plus
1369 1989 1488 2029 equo
1530 1977 1722 2029 exagitet

1751 892 1812 925 fol.
1830 890 1896 925 10¹.

1751 1040 1792 1072 10

1752 1402 1794 1433 15
1820 1400 1970 1436 f01.10‘'.

1749 1767 1792 1798 20

1746 1986 1809 2020 fol.
1827 1983 1895 2018 11¹.

65 2049 395 2102 cogitationum
442 2054 586 2103 estus3
634 2055 770 2104 atque
817 2064 871 2091 ex
917 2050 1060 2090 nimia
1108 2049 1155 2090 in
1194 2049 1295 2090 ocio
1341 2049 1525 2089 licentia
1571 2060 1747 2102 aggre—‘

65 2160 164 2196 dum
205 2161 434 2196 exercitum
474 2161 515 2196 in
557 2160 746 2206 Angliam
788 2161 993 2206 traijcere,
1039 2160 1220 2195 maxime
1259 2159 1375 2205 quod
1415 2159 1580 2205 pridem
1621 2158 1722 2195 illuc

65 2221 328 2264 precesserat
358 2218 535 2254 Turchil
573 2218 771 2265 princeps
811 2218 966 2254 milicie
1006 2228 1102 2253 cum
1144 2216 1279 2252 valida
1322 2227 1470 2262 manu;
1517 2216 1567 2251 de
1599 2216 1721 2252 cuius

66 2275 145 2311 fide
167 2275 400 2320 dubitabat,
422 2276 537 2322 quod
562 2276 666 2311 nihil
690 2276 740 2311 de
763 2275 850 2311 suis
873 2274 977 2310 inibi
1000 2275 1125 2321 gestis
1148 2274 1452 2310 renunciasset.
1492 2273 1722 2309 Instruitur

64 2332 189 2378 igitur
219 2333 438 2379 preualida
471 2336 510 2369 et
541 2333 811 2369 ornatissima
845 2332 1003 2368 classis.
1053 2333 1146 2379 Ipse
1178 2331 1347 2368 interim
1381 2331 1496 2377 regni
1529 2331 1721 2367 custodie

65 2389 240 2436 prefecit
270 2391 404 2426 filium
438 2394 538 2426 natu
571 2391 792 2434 minorem,
824 2390 891 2426 cui
924 2400 1078 2426 nomen
1116 2389 1336 2425 Haraldus.
1385 2389 1586 2424 Maiorem
1619 2399 1720 2424 vero

66 2447 252 2483 Knutum
290 2448 381 2484 siue
413 2448 623 2484 Canutum
656 2458 800 2484 secum
836 2448 1007 2483 ducens.
1070 2447 1277 2483 Omnibus
1316 2446 1443 2492 igitur
1483 2446 1642 2492 paratis
1682 2449 1722 2481 et

65 2515 160 2540 cum
200 2505 386 2541 exercitu
425 2505 671 2541 conscensis
712 2506 894 2541 nauibus
934 2505 1101 2541 dextera
1144 2503 1426 2540 velificatione
1465 2503 1635 2539 tandem
1667 2502 1720 2538 ad

65 2571 161 2598 oras
194 2562 458 2598 Britannicas
491 2563 667 2609 appulit,
697 2560 809 2611 (cum
843 2563 1046 2598 finitimos
1079 2560 1179 2609 etc).

151 2621 185 2656 5.
221 2631 384 2656 memor
414 2620 568 2657 addidi.
633 2620 668 2656 6.
700 2620 742 2655 id
775 2620 925 2656 castris
955 2619 1117 2665 scripsi,
1150 2618 1347 2654 incastris
1372 2619 1417 2654 Α.
1504 2617 1722 2653 muniebat

65 2675 116 2721 Ᾱ;
162 2677 336 2713 uiuebat
368 2677 452 2722 BD,
498 2677 608 2723 quod
640 2677 681 2713 ἰη
714 2688 845 2723 mary.
878 2677 1007 2713 adscr.
1040 2674 1104 2718 Ass,
1148 2675 1257 2722 falsa
1298 2675 1447 2710 scilicet
1475 2674 1718 2710 coniectura.

68 2733 100 2769 7.
132 2734 174 2770 in
208 2731 359 2770 addidi.
423 2736 458 2770 8.
492 2735 658 2770 remissi
691 2734 742 2779 A,
774 2734 929 2770 remitti
961 2745 1064 2770 corr.
1096 2731 1151 2769 Α3
1180 2735 1217 2769 et
1246 2732 1399 2768 habent
1429 2732 1462 2767 B
1495 2734 1532 2767 et
1563 2732 1616 2775 D;
1652 2732 1723 2767 sed

65 2788 134 2835 cfr.
152 2790 245 2828 Sall.
263 2791 356 2837 Juy.
375 2790 438 2837 53,
459 2792 504 2837 6,·
537 2792 603 2838 88,
622 2791 659 2828 2.
721 2792 755 2827 9.
785 2803 860 2838 per
886 2792 1044 2827 otium.
1065 2821 1071 2827 .
1090 2790 1232 2833 animi,
1260 2789 1331 2835 cfr.
1349 2789 1444 2825 Sall.
1466 2788 1580 2825 Catil.
1601 2788 1663 2832 11,
1684 2788 1719 2824 5.

70 2847 132 2884 10.
176 2849 319 2884 malim
366 2849 561 2885 inueniri.
625 2850 687 2884 11.
730 2859 779 2884 ac
817 2849 970 2885 addidi.
1050 2849 1111 2884 12.
1158 2846 1471 2889 sibi..fideles,
1516 2844 1587 2891 cfr.
1625 2845 1720 2882 Sall.

69 2903 179 2942 Catil.
214 2905 276 2951 14,
298 2906 332 2942 6.
412 2906 475 2943 13.
514 2908 609 2952 post
637 2906 764 2942 fuerit
802 2904 856 2941 Α3
890 2917 1017 2952 supra
1059 2915 1218 2941 versum
1259 2904 1366 2950 falso
1407 2903 1500 2939 add.
1535 2902 1720 2948 affectus,

66 2963 172 3007 quod
211 2963 268 3000 esl
306 2963 348 2998 in
392 2963 474 2999 BD.
554 2964 615 2999 15.
653 2963 1002 3009 soluszquiuis
1049 2962 1176 2998 solus.
1256 2961 1432 2997 15—16.
1480 2960 1720 2997 armatis..

67 3019 189 3055 nudis
235 3030 474 3065 occurrere,
512 3019 582 3066 cfr.
618 3020 731 3057 ovid.
765 3019 849 3057 Art.
882 3031 962 3055 am.
994 3019 1062 3064 ΙΙΙ,
1097 3019 1131 3054 5.
1205 3019 1267 3054 17.
1299 3019 1356 3054 Ac
1387 3017 1547 3064 scripsi;
1594 3018 1642 3053 At
1673 3017 1718 3054 A.

68 3074 130 3112 21.
161 3077 448 3123 humanitatis,
491 3077 512 3113 ἰ.
544 3088 574 3114 e.
609 3077 842 3113 hominum.
905 3077 970 3113 23.
1004 3075 1253 3112 cedentibus
1284 3076 1336 3121 Α;
1377 3074 1654 3111 redeuntibus
1688 3075 1720 3110 B

68 3133 183 3178 male,
216 3135 253 3170 et
283 3135 328 3171 D.
