2242 3551
409 1052 449 1083 10

317 1125 390 1157 Fol.
406 1122 451 1156 4¹⁸.

409 1418 449 1448 15

407 1997 450 2027 20

407 2725 449 2755 30

481 148 561 187 162
819 160 1096 189 semerom-:s
1130 160 1357 189 Hls‘roRiAE
1390 160 1567 189 DANICAE
1599 160 1799 189 MINORES

1143 278 1384 325 Capitulum
1420 278 1469 315 ΙΙ.

479 358 600 402 Quod
635 358 795 403 fratres,
829 361 872 394 ut
906 359 1108 394 maiorem
1141 359 1316 404 gratiam
1347 359 1552 396 haberent
1577 358 1694 405 electj
1725 359 1802 403 sui,
1834 362 2135 394 concesserunt

1168 429 1204 464 ei
1238 429 1456 475 Smaheng.

575 493 823 586 Rstquam
856 533 1017 574 fratres
1049 537 1276 573 uenerunt
1308 534 1455 585 VVeng
1487 537 1527 574 et
1560 533 1622 573 ibi
1655 532 1864 573 habitare
1897 532 2137 586 cepissent,

477 609 519 645 et
565 606 734 646 electus
782 605 845 646 eis
885 619 966 660 per
1005 605 1161 646 omnia
1205 606 1445 659 placabilis
1493 606 1640 647 sactus
1680 610 1809 657 esset,
1857 605 2136 646 obliuiscens

478 678 687 718 funditus
733 678 1091 719 amaritudinem
1140 678 1470 730 indignationis
1518 692 1617 729 sue,
1666 691 1805 732 quam
1855 683 2012 719 contra
2060 691 2138 719 eos

478 751 714 802 habuerat,
762 755 812 791 ut
850 751 1073 792 maiorem
1112 751 1304 803 gratiam
1346 751 1490 805 ipsius
1529 752 1764 803 haberent,
1812 755 2139 792 concesserunt

478 824 515 864 ei
544 824 789 876 Smaheng,
821 828 871 864 ut
902 824 1016 864 illud
1049 824 1261 877 predium
1295 825 1381 864 sub
1415 828 1637 878 potestate
1670 837 1750 864 sua
1786 823 1925 864 libere
1950 824 2138 864 haberet

478 900 532 945 et,
580 909 860 950 quocunque
893 897 1029 938 uellet
1062 898 1216 949 modo,
1264 897 1342 938 illo
1375 902 1588 938 uteretur.
1652 897 1787 947 Quod
1822 896 1909 944 ille,
1942 896 2138 949 benigne

477 969 733 1023 suscipiens
773 974 815 1010 et
861 971 915 1010 de
961 970 1274 1010 beniuolentia
1308 983 1466 1010 eorum
1512 969 1677 1010 maiori
1717 980 1819 1021 erga
1862 982 1939 1010 eos
1981 982 2138 1009 amore

476 1055 712 1093 accensus,
760 1056 906 1096 paruo
953 1047 1160 1096 tempore
1208 1043 1293 1083 sibi
1340 1043 1527 1083 retinuit
1574 1047 1616 1084 et
1663 1047 1821 1096 postea
1867 1041 2084 1082 fratribus
2129 1039 2141 1096 Η

480 1116 743 1167 resignauit,
777 1115 1008 1169 accipiens
1040 1116 1098 1156 ab
1132 1116 1195 1156 eis
1228 1116 1518 1156 mansionem
1550 1115 1764 1168 Karlebu,
1796 1128 1885 1170 que
1916 1115 1973 1155 ad
1992 1115 2140 1167 Weng

477 1188 753 1241 pertinebat;
802 1189 879 1229 sed
922 1193 963 1229 et
1002 1189 1150 1242 ipsam
1193 1201 1299 1229 cum
1340 1189 1441 1242 alijs
1484 1189 1632 1241 bonis,
1680 1202 1768 1243 que
1801 1189 2001 1229 claustro
2034 1200 2139 1228 con-

476 1261 654 1312 tulerat,
688 1274 794 1302 cum
828 1262 955 1302 omni
989 1262 1235 1303 deuotione
1268 1262 1475 1303 restituit.
1527 1262 1634 1302 Erat
1667 1266 1819 1303 autem
1846 1261 2139 1314 episcopatus

476 1338 586 1374 tunc
623 1334 758 1374 ualde
790 1335 941 1375 tenuis
975 1339 1016 1374 et
1048 1348 1236 1388 pauper,
1284 1335 1361 1375 sed
1404 1335 1501 1388 ipse
1541 1348 1647 1375 eum
1688 1335 1925 1374 dilatando
1965 1333 2137 1386 diuitijs

478 1411 519 1447 et
551 1407 806 1447 honoribus
840 1407 1103 1461 ampliauit,
1152 1411 1193 1448 et
1225 1420 1499 1461 quecunque
1532 1408 1733 1448 claustro
1766 1407 1903 1459 dedit,
1951 1407 2006 1446 de
2039 1419 2139 1459 pro-

477 1479 577 1533 prio
610 1480 889 1533 patrimonio
923 1480 1107 1521 fuerunt
1140 1485 1181 1521 et
1213 1482 1268 1521 de
1302 1481 1387 1532 his,
1424 1494 1511 1534 que
1544 1482 1600 1521 de
1633 1480 1948 1534 superfluitate
1980 1492 2138 1520 mense

478 1566 557 1593 sue
589 1553 636 1593 in
670 1553 938 1606 episcopatu
971 1554 1208 1607 acquirere
1240 1554 1399 1607 potuit.

1210 1730 1306 1776 Cap.
1343 1730 1409 1765 111.

581 1810 640 1845 De
672 1810 810 1856 primo
844 1810 1006 1854 abbate,
1039 1810 1256 1856 quomodo
1289 1821 1337 1846 ex
1372 1813 1489 1857 parte
1521 1810 1630 1857 regis
1663 1813 1701 1846 et
1733 1811 2032 1856 cpiscoporum

1111 1879 1285 1915 Romam
1320 1879 1515 1926 perrexit.

575 1946 687 2024 Post
738 1984 823 2024 hec
876 1985 1077 2025 domnus
1132 1984 1276 2025 abbas
1326 1985 1553 2025 Henricus
1606 1985 1933 2026 honorandum
1983 1985 2134 2025 uirum

479 2058 788 2098 Briennum
823 2056 1058 2097 constituit
1090 2057 1317 2097 abbatem.
1378 2057 1463 2098 Hic
1494 2057 1745 2111 aliquando
1778 2057 2037 2110 hospitatus
2070 2062 2135 2098 est

476 2131 600 2183 apud
633 2129 847 2170 abbatem
879 2129 1143 2170 Johannem
1177 2130 1223 2169 in
1248 2130 1407 2182 Weng,
1442 2130 1520 2183 qui
1552 2130 1854 2171 irreuerenter
1886 2130 1995 2170 satis
2027 2143 2133 2171 eum

477 2202 732 2256 suscipiens
780 2215 1039 2255 puerosque
1079 2203 1176 2242 eius
1216 2203 1334 2242 male
1377 2206 1578 2243 tractans
1624 2203 1728 2243 fecit
1774 2202 1902 2255 ligari
1950 2207 2135 2256 propter

476 2288 733 2325 annonam,
795 2288 935 2328 quam
989 2275 1180 2315 latenter
1236 2275 1431 2315 tulerant
1484 2277 1539 2316 de
1592 2276 1756 2316 horreo
1804 2276 1861 2316 ad
1909 2276 2132 2328 pabulum

477 2361 702 2402 equorum
726 2361 932 2400 suorum,
957 2348 1081 2401 quod
1105 2347 1392 2388 insufficiens
1416 2348 1480 2388 eis
1506 2348 1714 2389 dabatur.
1749 2348 1878 2388 Vnde
1895 2348 2133 2389 ²Iohannes

476 2421 620 2461 abbas
666 2421 712 2461 in
761 2420 924 2461 sinodo
972 2423 1229 2469 accusatus,
1278 2433 1382 2460 cum
1434 2434 1480 2461 se
1527 2432 1778 2474 expurgare
1824 2434 1917 2461 non
1965 2424 2132 2474 posset,

475 2493 725 2545 resignauit
770 2492 1004 2533 abbatiam
1054 2493 1196 2533 electo
1243 2496 1285 2533 et
1337 2492 1484 2533 factus
1535 2497 1601 2534 est
1648 2494 1907 2534 monachus
1956 2493 2131 2534 ordinis

478 2565 811 2617 Cisterciensis,
865 2565 982 2606 sicut
1029 2578 1168 2618 supra
1215 2565 1429 2606 diximus.
1520 2566 1676 2606 Abbas
1721 2566 1858 2618 igitur
1905 2566 2132 2606 Briennus

477 2638 715 2678 ordinatus
762 2651 870 2678 mox
918 2638 1131 2679 consultu
1179 2638 1354 2678 domini
1404 2638 1521 2691 regis
1568 2642 1609 2679 et
1656 2639 1783 2679 electi
1831 2638 1902 2679 sui
1949 2650 2129 2679 necnon

476 2711 672 2750 aliorum
721 2710 1042 2764 episcoporum
1090 2711 1284 2751 Romam
1335 2711 1551 2764 perrexit,
1598 2715 1641 2751 et
1686 2711 1877 2751 domino
1918 2723 2035 2764 pape
2074 2711 2129 2751 de

477 2783 728 2823 mutatione
769 2783 954 2823 claustri
996 2787 1160 2823 cuncta
1203 2796 1282 2835 per
1313 2783 1521 2823 ordinem
1556 2784 1794 2836 diligenter
1825 2783 2057 2823 intimauit
2088 2787 2130 2823 et

476 2855 515 2895 ei
547 2855 716 2896 litteras
749 2868 886 2908 super
918 2857 1006 2896 hoc
1038 2855 1202 2895 missas
1234 2855 1370 2895 dedit.
1427 2856 1629 2896 Audiens
1662 2860 1814 2897 autem
1848 2856 2128 2909 apostolicus

476 2928 778 2968 mutationem
822 2929 1002 2968 dextere
1043 2928 1205 2968 excelsi
1246 2928 1413 2968 factam
1454 2928 1640 2980 gauisus
1673 2932 1752 2978 est,
1799 2928 1917 2969 sicut
1949 2941 2128 2982 semper

563 3037 626 3073 33.
659 3038 835 3073 mutatio
868 3038 1049 3074 dexterae
1081 3037 1251 3074 excelsi:
1284 3037 1433 3073 Psalm.
1469 3037 1529 3083 76,
1552 3038 1611 3074 11.
