2242 3551
457 247 690 276 Exonmvn
726 248 1001 277 MONASTERH
1037 248 1164 277 (LARAE
1199 249 1371 277 INSVLAE
1661 240 1742 280 233

248 365 423 412 (XXIII.)
486 365 641 401 Littera
675 365 836 401 domini
872 376 979 412 pape
1012 365 1062 400 ad
1091 365 1257 412 judicos
1292 367 1415 402 nobis
1449 367 1581 404 (latos.

183 436 429 515 Urbanus
478 470 736 524 episcopus,
785 484 945 511 seruus
996 484 1237 511 seruorum
1272 472 1374 523 dei,
1422 472 1599 513 dilectis
1639 473 1743 526 tilijs

90 580 96 587 .
131 579 137 586 .
171 546 224 586 de
274 528 545 584 Rinkstadio
593 548 632 584 et
668 577 674 584 .
712 576 717 582 .
752 544 807 584 de
857 544 1055 584 Nestwet
1103 544 1363 590 abbatibus,
1417 545 1743 586 Roskeldensis

89 617 306 672 dyocesis,
341 616 536 657 salutem
571 621 612 657 et
644 616 948 670 apostolicam
984 616 1366 657 benedictionem.
1433 618 1630 659 Multum
1666 632 1744 672 per

88 693 173 732 hoc
203 689 425 731 modestie
449 690 496 730 in
523 689 777 731 uenerabili
803 689 940 730 fratre
966 693 1123 730 nostro
1144 690 1222 740 .T.,
1257 690 1474 744 episcopo
1493 691 1743 743 Arusiensi,

89 762 335 818 pontificali
374 763 644 814 detrahitur,
692 763 816 816 quod
859 762 1097 815 religiosos
1147 762 1271 804 uiros
1320 764 1532 817 persequi
1578 764 1744 805 (licitur

89 837 182 878 sine
214 836 361 889 culpa,
409 847 513 888 erga
547 849 664 890 quos
706 849 752 877 se
795 835 956 889 pocius
988 836 1137 876 taliter
1170 836 1340 877 habere
1373 836 1570 888 deberet,
1619 838 1741 892 quod

88 909 172 963 ipsi
218 910 272 950 de
319 921 371 949 eo
419 909 579 950 laudes
628 913 952 963 proponerent,
1001 922 1092 950 non
1139 910 1362 963 querelas.
1428 909 1544 950 Sane
1592 910 1740 951 dilecti

89 982 180 1036 filij,
228 982 324 1024 .Th.
367 982 513 1023 abbas
553 987 593 1023 et
636 986 894 1023 conuentus
931 982 1195 1035 monasterij
1233 983 1346 1023 Care
1383 983 1535 1023 lnsule
1569 984 1744 1036 Cyster-

88 1056 247 1097 niensis
280 1055 469 1103 ordinis,
518 1055 777 1096 Arusiensis
811 1056 1035 1108 dyoces15,
1085 1055 1219 1095 nobis
1261 1056 1460 1107 grauiter
1502 1060 1607 1096 sunt
1640 1070 1743 1097 con-

87 1128 244 1183 questi,
277 1129 400 1182 quod
425 1127 547 1168 idem
573 1128 818 1182 episcopus
842 1142 920 1169 eos
943 1128 1158 1168 indebitis
1183 1128 1501 1169 exactionibus
1525 1134 1743 1182 aqgrauat

88 1206 128 1242 et
159 1202 381 1253 molestat,
415 1205 469 1253 et,
504 1201 539 1241 si
573 1201 658 1255 ipsi
693 1215 831 1256 super
863 1203 952 1242 hoc
985 1201 1070 1241 sibi
1106 1201 1295 1242 forsitan
1331 1214 1378 1242 se
1407 1206 1664 1255 opponunt,
1698 1202 1741 1242 in

86 1274 206 1326 illos,
263 1275 341 1328 qui
388 1287 466 1315 eos
514 1276 571 1315 ad
619 1275 927 1316 laborandum
978 1275 1204 1315 adiuuant
1251 1278 1293 1314 et
1338 1278 1482 1315 terras
1530 1275 1745 1316 excolunt

87 1348 355 1398 eorundem,
411 1348 908 1389 excommunicationis
965 1348 1247 1389 sentenciam
1306 1351 1464 1388 contra
1514 1347 1742 1388 iusticiam

87 1421 267 1474 propria
307 1421 577 1462 auctoritate
611 1422 886 1474 promulgat.
952 1422 1083 1462 Unde
1123 1421 1271 1461 eidem
1313 1421 1531 1474 episcopo
1574 1421 1743 1461 nostris

87 1494 249 1534 damus
296 1493 453 1534 litteris
501 1494 547 1534 in
595 1494 847 1547 mandatis,
898 1499 945 1534 ut
992 1495 1049 1534 ab
1099 1494 1369 1535 huiusmodi
1418 1494 1654 1535 exactione
1702 1498 1741 1534 et

87 1566 279 1607 aliorum
313 1567 625 1620 predictorum
658 1567 861 1608 indebita
897 1567 1216 1608 molestatione
1250 1567 1452 1608 desistat.
1510 1567 1742 1622 Alioquin,

87 1651 189 1680 cum
230 1640 304 1680 hic
343 1653 434 1680 non
477 1640 533 1680 sit
573 1653 801 1693 excessus,
849 1641 928 1695 qui
967 1641 1131 1681 debeat
1172 1641 1216 1680 in
1264 1640 1480 1693 pontifice
1528 1640 1742 1689 tollerari,

89 1712 367 1768 Discrecioni
400 1718 549 1754 uestre
582 1727 662 1768 per
693 1714 946 1767 apostolica
980 1714 1149 1767 scripta
1184 1715 1477 1766 mandamus,
1510 1714 1742 1767 quatinus,

89 1785 123 1825 si
162 1785 309 1826 dictus
349 1785 594 1840 episcopus
635 1787 908 1827 mandatum
951 1791 1160 1828 nostrum
1196 1787 1442 1839 neglexerit
1474 1787 1776 1840 adimplere,·

89 1871 169 1899 uos
215 1872 319 1899 eum
368 1873 392 1900 a
440 1860 786 1913 presumptione
833 1860 1118 1907 huiusmodi,
1166 1859 1476 1913 appellatione
1523 1865 1742 1908 cessante,

88 1932 351 1972 auctoritate
386 1937 539 1973 nostra
574 1933 809 1981 studeatis,
842 1933 960 1974 sicut
992 1933 1165 1974 iustum
1199 1932 1346 1984 fuerit,
1381 1946 1602 1984 coercere,
1640 1933 1739 1974 Non

88 2004 306 2055 obstante,
356 2005 390 2045 si
433 2006 578 2046 eidem
622 2006 839 2060 episcopo
879 2019 901 2046 a
943 2007 1049 2047 sede
1096 2006 1350 2060 apostolica
1399 2006 1454 2046 sit
1494 2006 1742 2049 indultum.

86 2078 206 2131 quod
246 2078 468 2131 interdici,
517 2079 738 2133 suspendi
778 2080 851 2120 uel
891 2079 1287 2120 excommunicari
1329 2093 1407 2120 seu
1450 2081 1573 2119 extra
1609 2089 1739 2116 suam

86 2149 301 2191 diocesim
342 2151 385 2191 in
429 2164 618 2192 causam
660 2152 779 2192 trahi
820 2165 899 2205 per
939 2152 1110 2193 litteras
1151 2153 1269 2193 dicte
1303 2153 1424 2193 sedis
1458 2165 1549 2192 11011
1584 2149 1742 2204 possit,
1770 2165 1807 2176 ·⁷

86 2222 171 2263 nisi
211 2223 328 2265 dicte
368 2224 512 2265 littere
553 2226 737 2279 plenam
778 2229 818 2266 et
860 2238 1122 2278 expressam
1167 2226 1222 2266 de
1261 2226 1404 2266 uerbo
1444 2225 1501 2266 ad
1545 2223 1741 2265 uerbum

86 2295 139 2335 de
162 2294 340 2337 indulto
367 2297 638 2339 huiusmodi
665 2298 855 2339 fecerint
879 2298 1184 2339 mencionem.
1232 2298 1401 2338 Datum
1429 2300 1541 2351 aput
1572 2296 1741 2336 Vrbem

87 2370 277 2409 ueterem
311 2382 380 2411 .x1.
418 2371 483 2411 Kl.
517 2371 659 2424 Junij,
709 2371 1011 2412 Pontificatus
1054 2371 1197 2412 nostri
1239 2383 1363 2411 anno
1405 2370 1560 2419 tercio,
1610 2369 1742 2410 Anno

89 2451 193 2480 uero
226 2441 402 2481 domini
437 2431 670 2484 ..x‘i.cc.lx.111.1.

373 2587 542 2634 (XXIV.)
606 2588 707 2624 Item
742 2588 876 2624 littera
914 2599 1020 2635 pape
1053 2589 1103 2624 ad
1139 2588 1243 2623 alios
1272 2587 1449 2633 judices.

177 2654 411 2733 xsyrbanus
447 2693 706 2746 episcopus,
756 2706 916 2733 seruus
958 2706 1198 2734 seruorum
1235 2692 1321 2736 dei,
1369 2690 1546 2731 dilectis
1580 2689 1741 2742 filijs..

89 2765 316 2816 preposito
335 2770 394 2806 et.
411 2766 759 2806 ‚archidiacono
772 2766 1150 2807 Sleswicensibus
1167 2766 1360 2805 salutem
1381 2768 1423 2804 et
1439 2761 1742 2816 apostolicam

89 2834 466 2878 benedictionem.
516 2838 719 2880 Obuiare
752 2839 948 2891 malicijs
981 2851 1307 2892 peruersorum
1338 2841 1379 2877 et
1404 2836 1544 2890 quieti
1571 2834 1743 2887 religio-

89 2919 240 2950 sorum
290 2910 530 2951 consulere
578 2911 796 2964 pastorali
839 2911 1149 2952 sollicitudine
1188 2922 1559 2957 commonemur,
1609 2912 1655 2948 ut
1703 2911 1743 2948 et

174 3016 210 3051 2.
243 3014 323 3061 &c
354 3027 480 3062 supra
515 3027 611 3052 vers.
645 3016 736 3052 add.
771 3015 835 3053 CS.
916 3017 951 3053 3.
986 3017 1166 3053 Nomina
1203 3015 1470 3061 i91101·a11t111·,·
1507 3015 1598 3050 ilem
1635 3013 1743 3058 infra

92 3080 123 3105 v.
169 3071 215 3107 31
249 3082 304 3118 sq.
354 3075 390 3108 et
431 3084 469 3119 p.
517 3073 610 3115 236,
646 3074 680 3110 8.
776 3075 836 3110 11.
885 3077 1058 3120 agrauat
1105 3072 1169 3110 CS,
1266 3073 1332 3109 28.
1382 3071 1484 3108 urbe
1533 3076 1630 3107 uere
1680 3069 1743 3106 OS.

92 3127 152 3164 32.
187 3129 399 3166 sleswicefi.
464 3131 526 3166 34.
559 3141 883 3168 commonemur
914 3131 1076 3177 scripsi,
1110 3133 1355 3168 051nonetur
1389 3127 1452 3166 CS.

1770 701 1789 729 ἴ)

1775 1066 1812 1095 lt)

1774 1431 1812 1462 15

1770 2593 1788 2624 3
1793 2595 1811 2624 0
