2242 3551
483 235 716 264 EXORDIVM
751 236 1029 266 MONASTERH
1062 237 1190 265 CARAE
1223 238 1395 266 INSVLAE
1688 229 1766 268 189

111 354 165 394 Et
195 353 300 392 inde
333 355 411 399 est,
445 352 567 404 quod
602 351 648 391 in
682 350 810 390 libris
842 352 1010 392 nostris
1036 356 1143 392 sunt
1166 352 1311 393 littere
1339 366 1475 393 auree
1502 357 1543 393 et
1569 354 1766 406 depicte:

110 426 230 481 quod
264 425 377 465 ordo
410 424 545 464 nobis
576 423 725 464 facere
758 437 850 464 non
885 425 1108 476 concedit,
1142 426 1220 465 sed
1254 425 1397 466 factas
1430 427 1488 466 ab
1521 426 1622 480 alijs
1655 431 1696 467 et
1724 428 1767 467 in

112 497 409 539 elemosinam
433 497 562 537 datas
588 497 691 537 licet
713 497 932 550 accipere.
981 498 1184 538 Tantum
1211 498 1439 539 laborauit
1472 503 1513 540 et
1546 499 1770 540 sollicitus

111 571 194 612 fuit
230 570 277 610 in
318 569 446 610 libris
487 569 795 623 acquirendis,
844 574 907 623 ut>
955 570 991 610 si
1032 570 1175 611 nichil
1210 571 1334 611 aliud
1369 571 1563 623 fecisset,
1611 573 1699 613 hoc
1731 573 1769 613 ei

112 644 259 685 solum
306 642 539 683 credimus
586 642 797 683 sufficere
844 644 901 683 ad
950 643 1168 695 salutem,
1225 656 1331 684 cum
1389 657 1468 697 per
1526 645 1768 686 lectionem

113 720 315 758 sanctam
356 715 487 756 multi
530 715 696 756 cotidie
735 717 790 757 de
831 715 1062 769 profundo
1104 716 1333 758 uiciorum
1367 718 1617 758 liberentur
1651 723 1691 759 et
1724 718 1770 758 in

113 802 304 844 superne
352 789 551 829 ciuitatis
600 788 782 830 edificio
830 789 963 842 quasi
1022 789 1199 843 lapides
1246 790 1340 843 uiuj
1391 795 1433 830 et
1478 791 1594 832 bene
1641 791 1771 844 politi

114 876 253 904 manu
300 862 472 903 summi
519 862 706 903 artificis
754 862 1082 915 disponantur,
1135 876 1335 917 quorum
1393 864 1676 917 profectibus
1731 869 1771 905 et

113 935 283 976 meritis
315 935 501 975 adiutus
534 935 581 975 in
611 939 885 989 perpetuum
912 947 1018 975 cum
1046 935 1109 975 eis
1137 936 1312 976 letatur.
1364 937 1457 977 Hec
1481 938 1536 977 de
1562 937 1771 977 moribus

112 1007 270 1049 domni
303 1007 531 1049 Suenonis
563 1008 767 1062 episcopi
800 1008 921 1048 dicta
955 1008 1209 1059 sufficiant,
1253 1022 1379 1049 nunc
1410 1010 1657 1050 dicendum
1692 1015 1770 1062 est,

113 1082 345 1135 quomodo
377 1081 643 1135 impetrauit
674 1081 906 1122 licentiam
942 1093 965 1120 a
999 1082 1174 1121 domno
1208 1082 1477 1135 apostolico,
1513 1087 1562 1123 ut
1593 1084 1772 1124 cederet

113 1155 237 1195 oneri
277 1154 552 1208 episcopalis
592 1154 730 1208 officij
773 1159 813 1195 et
844 1151 856 1208 Η
887 1155 944 1194 ad
985 1154 1183 1208 quietem
1220 1155 1512 1196 claustralem
1547 1169 1593 1196 se
1626 1161 1767 1196 trans·

114 1226 256 1268 ferret.

797 1343 894 1389 Cap.
927 1343 1085 1379 XXXII.

298 1424 562 1470 Rescriptum
598 1424 743 1459 domni
777 1423 998 1470 apostolici
1033 1423 1084 1459 ad
1118 1424 1299 1460 eundem
1332 1425 1592 1471 episcopum.

181 1493 438 1573 »xsrhanus
472 1528 731 1583 episcopus,
765 1542 928 1569 seruus
962 1542 1204 1570 seruorum
1237 1529 1323 1582 dei,
1361 1530 1612 1571 venerabili
1646 1530 1772 1571 fratri

115 1601 330 1654 Suenoni,
368 1602 606 1643 Arusiensi
646 1602 878 1655 episcopo,
918 1603 1112 1643 salutem
1155 1606 1196 1643 et
1228 1603 1531 1656 apostolicam
1566 1604 1773 1644 benedic-

113 1675 297 1716 tionem.
352 1675 468 1716 Cum
501 1688 551 1716 ea
583 1675 882 1729 requiruntur
913 1688 939 1715 a
972 1675 1121 1725 nohis,
1154 1689 1243 1729 que
1275 1677 1330 1717 de
1364 1676 1523 1717 salutis
1557 1677 1774 1717 uidentur

114 1748 478 1788 consideratione
508 1749 769 1801 procedere,
801 1761 895 1789 non
924 1748 1147 1789 debemus
1174 1761 1257 1789 nos
1283 1749 1495 1790 difficiles
1520 1751 1773 1802 ostendere,

117 1821 193 1861 sed
224 1820 406 1861 facilem
441 1821 591 1875 potius
624 1821 886 1875 petentibus
911 1821 1100 1875 prebere
1128 1833 1421 1862 consensum.
1471 1822 1595 1864 Sicut
1618 1827 1772 1863 autem

116 1906 169 1933 ex
192 1897 269 1934 tua
296 1897 361 1934 est
387 1895 521 1935 nobis
548 1899 675 1948 parte
700 1894 1006 1948 propositum,
1040 1894 1314 1947 episcopalis
1341 1895 1773 1936 amministrationis

116 1965 433 2007 difficultatem
480 1968 733 2021 attendens,
783 1980 871 2021 que
918 1966 1076 2007 multis
1123 1980 1228 2020 sepe
1276 1968 1661 2021 occupationibus
1708 1972 1773 2009 est

117 2039 352 2093 implicita,
385 2041 442 2080 ad
476 2041 768 2082 claustralem
801 2044 843 2081 te
875 2039 1077 2095 quietem
1111 2041 1394 2093 proposuisti
1425 2041 1690 2091 transferre3
1733 2045 1774 2081 et

119 2124 254 2165 super
284 2113 373 2154 hoc
405 2113 723 2154 auctoritatem
757 2113 927 2154 duxisti
960 2113 1262 2166 apostolicam
1296 2114 1636 2167 requirendam,
1677 2113 1773 2154 sine

119 2198 207 2238 qua
246 2185 291 2226 id
330 2185 413 2226 tibi
452 2186 602 2234 facere
640 2200 732 2228 non
767 2186 933 2228 liceret.
997 2186 1212 2227 Volentes
1254 2186 1391 2238 igitur
1431 2187 1476 2226 in
1519 2187 1607 2227 hac
1648 2191 1773 2239 parte

117 2257 206 2298 tuis
246 2259 637 2312 postulationibus
675 2260 979 2313 acquiescere,
1026 2258 1249 2313 presentis
1289 2259 1371 2299 tibi
1412 2259 1568 2312 scripti
1607 2259 1773 2312 pagina

119 2330 335 2372 duximus
365 2332 717 2385 indulgendum,
752 2337 802 2373 ut
833 2333 1026 2374 cedendi
1058 2331 1207 2372 eidem
1241 2331 1523 2385 episcopatuj
1559 2336 1600 2372 et
1631 2336 1774 2372 trans-

120 2402 293 2445 ferendi
338 2408 380 2445 te
418 2406 474 2445 ad
523 2406 677 2446 locum
725 2405 905 2460 quietis,
951 2419 1057 2446 cum
1099 2404 1316 2456 uolueris,
1364 2405 1555 2445 liberam
1602 2405 1774 2445 habeas

119 2475 421 2518 facultatem.<‹

207 2549 415 2604 Cumque
461 2551 583 2591 hanc
629 2551 861 2592 licentiam
909 2551 1198 2604 impetrasset
1237 2554 1278 2591 et
1325 2551 1577 2591 claustrum
1625 2552 1774 2591 decre-

121 2621 261 2662 uisset
291 2623 473 2670 intrare,
517 2624 735 2664 dominus
767 2637 844 2664 rex
877 2625 1201 2665 VValdemarus
1236 2636 1289 2663 ex
1322 2624 1408 2663 hac
1440 2623 1533 2663 uita
1567 2623 1772 2673 decessit,

122 2693 258 2734 simul
306 2699 347 2735 et
392 2696 672 2749 apostolicus
721 2697 950 2738 Urbanus.
1042 2697 1099 2736 Et
1144 2696 1250 2749 quia
1300 2696 1443 2736 multa
1491 2699 1637 2747 erant,
1687 2709 1774 2750 que

122 2766 275 2807 adhuc
305 2769 472 2809 addere
504 2769 652 2809 uoluit
683 2769 769 2819 his,
808 2783 896 2822 que
929 2769 1056 2823 prius
1089 2769 1275 2809 dederat
1307 2769 1520 2821 claustro,
1565 2773 1607 2809 et
1638 2768 1774 2821 priui-

121 2836 246 2892 legijs
288 2840 578 2893 confirmare,
625 2855 808 2882 rursum
858 2854 962 2883 cum
1006 2841 1197 2882 consilio
1238 2841 1398 2881 domni
1440 2841 1773 2893 archiepiscopi

124 2910 246 2951 misit
277 2913 334 2952 ad
368 2913 611 2953 dominum
644 2914 951 2967 apostolicum
977 2914 1276 2963 Celestinum3
1310 2917 1351 2953 et
1382 2914 1471 2953 tale
1501 2913 1774 2966 rescriptum

124 2994 259 3036 super
289 2985 430 3038 priori
464 2986 646 3026 licentia
678 2987 735 3027 ab
769 3000 821 3028 eo
854 2987 1033 3040 recepit.

211 3112 244 3148 7.
277 3113 438 3159 lapides
472 3115 571 3158 uiui,
602 3114 673 3160 cfr.
707 3114 809 3151 Petr.
844 3126 903 3161 ep.
937 3115 966 3158 I,
999 3116 1034 3155 2,
1054 3115 1198 3161 4sqq.;
1230 3115 1373 3160 Ephes.
1406 3115 1515 3160 220
1533 3125 1613 3161 sqq.

1801 1015 1840 1045 10

1795 1158 1956 1194 F01.21‘.

1800 1537 1841 1568 15

1799 1902 1841 1933 20

1799 2267 1841 2298 25

1801 2634 1842 2663 30

1800 2996 1842 3027 35
