2242 3551
437 245 670 274 ExoRmVM
705 245 981 274 MONASTERII
1014 245 1142 275 CARAE
1175 246 1347 274 INSVLAE
1638 237 1720 275 213

155 361 360 401 Harum
396 359 727 400 litterarum
760 371 926 399 unam
959 359 1265 400 habuimus
1298 360 1596 413 bullatam,
1631 362 1722 402 sed

70 435 305 477 alteram
337 433 585 473 nondum
619 431 1020 483 habueramus,
1068 431 1180 472 nisi
1214 433 1628 486 transcriptum
1663 433 1722 474 de

71 505 397 549 Claraualle.

153 579 314 619 Postea
363 576 602 618 subiunxit
648 576 894 630 episcopus
936 576 1114 617 dicens:
1171 577 1240 618 »Si
1288 591 1381 618 non
1429 578 1569 618 uultis
1615 579 1724 619 dare

71 650 199 694 nobis
240 649 417 691 ratione
457 649 822 701 consuetudinis,
869 653 1049 702 oportet
1088 663 1172 691 uos
1219 650 1328 690 dare
1372 651 1507 691 nobis
1548 651 1725 692 ratione

71 722 411 779 possessionum
439 722 485 762 in
505 723 702 775 Dyurso,
735 723 860 775 quod
882 721 1075 763 omnino
1109 723 1334 775 denegare
1368 736 1459 764 non
1493 723 1720 776 potestis«

71 795 318 850 Respondit
349 795 512 836 abbas:
567 795 738 849 »Super
776 794 1092 848 possessiones
1135 795 1236 836 illas
1269 795 1554 837 sufficiencia
1589 796 1725 836 habe-

72 882 171 910 mus
202 867 441 922 priuilegia
474 871 516 908 et
548 867 925 908 confirmationes
959 868 1213 921 papalium,
1245 879 1405 920 regum
1439 872 1480 909 et
1503 868 1725 922 archiepi-

72 954 353 995 scoporum.«
420 940 619 993 Surgens
651 940 897 994 episcopus
930 940 1061 981 dixit:
1115 941 1365 982 »Dimittite
1398 941 1723 982 uerbositatem

72 1017 308 1055 uestram«
375 1013 431 1053 Et
477 1012 665 1054 intrauit
710 1014 769 1053 ad
816 1014 1170 1054 comedendum.
1235 1014 1291 1054 Et
1335 1017 1438 1067 post
1475 1014 1723 1067 prandium

70 1086 261 1128 recessit.

152 1156 257 1212 (VI.)
317 1158 471 1199 Abbas
505 1171 614 1200 uero
648 1159 811 1199 eodem
843 1158 916 1199 die
949 1158 1174 1212 equitauit
1207 1160 1386 1212 Dyurse
1419 1172 1502 1213 pro
1534 1159 1725 1211 negocio

71 1234 246 1274 domus.
310 1230 426 1272 Cum
467 1231 622 1272 adhuc
665 1234 783 1272 esset
818 1231 865 1271 in
899 1230 974 1271 uia
1006 1232 1299 1284 reuersionis‚
1348 1236 1649 1274 occurrerunt
1688 1231 1725 1273 ei

70 1306 160 1346 duo
192 1303 417 1356 canonici,
450 1303 653 1345 dicentes
686 1303 792 1344 sibi:
846 1303 1085 1345 »Tulimus
1118 1305 1251 1345 uobis
1284 1305 1482 1345 litteram
1515 1318 1569 1345 ex
1601 1308 1727 1358 parte

71 1377 293 1432 episcopi,
355 1389 495 1430 quam
549 1380 704 1418 uestro
756 1376 1080 1418 commisimus
1133 1377 1314 1430 priori«
1410 1377 1552 1419 Cuius
1598 1381 1729 1419 tenor

71 1450 172 1491 talis
204 1454 318 1491 erat:

369 1545 523 1580 Littera
557 1544 748 1591 episcopi
780 1544 832 1580 ad
866 1544 1061 1581 abbatem
1096 1548 1135 1581 et
1167 1549 1439 1582 conuentum.

185 1615 205 1635 r

161 1667 173 1684 ›>
206 1613 359 1700 sulzo,
415 1649 487 1690 dei
534 1649 677 1702 gratia
723 1649 986 1690 Arusiensis
1033 1650 1299 1704 episcopus,
1354 1650 1562 1692 discretis
1618 1650 1730 1691 uiris

73 1722 270 1764 dominis
303 1722 356 1763 .J.
392 1722 539 1763 Lamb
572 1726 615 1763 et
646 1721 879 1775 preposito
912 1722 1093 1774 Ywaro,
1127 1722 1364 1763 canonicis
1388 1723 1730 1774 Arusiensibus,

73 1796 264 1836 salutem
297 1798 339 1835 et
370 1794 676 1836 dilectionem.
741 1795 975 1847 Rogamus
1007 1808 1089 1836 vos
1122 1799 1165 1836 et
1194 1796 1400 1848 rogando
1434 1797 1729 1846 mandamus,

74 1872 311 1922 quatenus,
358 1869 415 1909 ad
456 1868 710 1909 claustrum
750 1868 862 1909 Care
905 1868 1058 1909 lnsule
1105 1868 1407 1921 personaliter
1448 1869 1731 1919 accedentes,

74 1941 284 1981 abbatem
323 1944 366 1981 et
405 1945 687 1982 conuentum
730 1941 903 1982 ibidem
941 1940 1170 1981 moneatis
1213 1954 1266 1982 ac
1312 1943 1546 1983 monendo
1592 1941 1731 1994 preci-

74 2013 204 2068 piatis
238 2013 408 2054 eisdem
445 2014 530 2054 sub
563 2027 681 2067 pena
715 2014 953 2066 canonica,
985 2017 1035 2054 ut
1062 2013 1410 2067 procurationes
1434 2014 1573 2055 trium
1600 2013 1730 2068 septi-

74 2100 314 2128 manarum
364 2086 500 2128 nobis
546 2086 725 2128 debitas
771 2087 974 2128 habeant
1030 2090 1317 2140 preparatas,
1375 2087 1482 2141 quia
1539 2088 1596 2127 ad
1654 2100 1730 2128 eos

75 2160 317 2211 dominica,
342 2173 431 2215 qua
456 2159 941 2201 cantatur‘lnuocauit
966 2163 1065 2212 me',
1090 2160 1228 2200 dante
1252 2160 1444 2201 domino
1469 2159 1730 2209 ueniemus3

76 2245 156 2274 nec
197 2237 436 2274 assumant
477 2232 564 2273 sibi
607 2232 917 2273 excusationis
955 2232 1118 2273 friuole
1151 2232 1359 2286 pallium,
1406 2245 1512 2273 cum
1553 2236 1733 2273 constat

166 2344 279 2380 1—3.
328 2342 559 2379 rubricator
591 2343 739 2389 pinxit.
820 2344 855 2380 4.
905 2343 1047 2379 Postea
1087 2340 1150 2379 CS.
1229 2343 1261 2378 8.
1310 2353 1517 2390 paparum
1567 2343 1734 2379 coniecit

76 2400 297 2447 LangebeR,
331 2401 441 2448 qaod
461 2399 600 2447 probo.
667 2401 726 2436 10.
756 2400 1015 2437 comedenda
1042 2398 1106 2437 CS.
1179 2402 1272 2446 post
1303 2400 1531 2447 prandium
1558 2400 1730 2437 deletum

77 2459 132 2494 est
166 2467 353 2505 surgens.
432 2458 492 2494 17.
537 2458 657 2494 Hunc
697 2469 857 2494 versam
896 2457 1129 2494 rabrtcator
1157 2457 1304 2504 pinxit.
1379 2457 1475 2494 Post
1502 2457 1570 2503 fol.
1605 2457 1658 2494 44
1690 2458 1731 2493 in

76 2515 205 2552 codice
244 2516 440 2552 insertam
478 2517 535 2551 est
562 2515 709 2561 foliam
741 2514 1014 2561 chartaceum,
1063 2514 1275 2561 epistolam
1312 2514 1344 2550 T
1343 2514 1489 2551 alsonis
1521 2515 1732 2551 continens

79 2582 202 2609 mana
220 2573 317 2610 XVI.
336 2573 484 2619 soeculi,
519 2575 695 2618 utputo,
728 2573 936 2619 scriptam,
969 2572 1084 2609 cuius
1117 2572 1252 2609 varias
1284 2572 1508 2618 scripturas
1542 2572 1670 2608 littera
1698 2573 1731 2608 Β

78 2631 234 2666 notatas
259 2630 324 2666 hic
348 2630 475 2666 attuli.
521 2630 567 2666 In
600 2640 645 2666 eo
670 2630 995 2676 suprascriptam
1022 2631 1097 2666 cst:
1131 2630 1282 2666 Literae
1308 2630 1498 2677 episcopi
1515 2630 1732 2666 Tuchouis

79 2687 310 2724 Arusiensis
353 2688 405 2723 ad
436 2687 639 2724 Abbatem
683 2690 723 2724 et
753 2690 1012 2724 conuentum
1045 2687 1238 2734 coenobij
1274 2688 1376 2731 Care
1410 2686 1565 2724 Insulae
1599 2689 1620 2732 [2
1654 2688 1730 2724 ΘΠ]

80 2744 242 2781 kloster.
306 2746 366 2781 18.
399 2745 546 2781 Tucho
580 2745 625 2780 B.
690 2745 751 2782 19.
784 2745 910 2781 Iuaro
940 2744 1166 2781 Canonicis
1195 2744 1384 2781 ecclesiae
1416 2744 1655 2781 Arusiensis
1688 2745 1732 2780 B.

81 2802 142 2837 20.
174 2803 437 2849 rogandam9
468 2802 685 2849 scripserat
707 2800 772 2847 CS,
803 2802 873 2838 sed
895 2813 917 2838 a
945 2802 986 2838 in
1010 2813 1034 2838 o
1059 2803 1284 2840 correctam
1309 2804 1376 2844 est,
1412 2806 1469 2837 1119
1501 2802 1672 2838 deletum
1700 2804 1735 2838 et

80 2859 160 2894 eius
191 2860 275 2895 Ioco
306 2860 455 2905 stylum
478 2856 497 2887 s·
523 2859 717 2906 positum,
751 2859 897 2896 deinde
930 2859 971 2895 in
1003 2859 1193 2906 maryine
1223 2859 1427 2895 additam:
1474 2856 1732 2899 s'mandan19;

81 2915 113 2951 B
144 2915 277 2953 habet:
325 2916 512 2963 rogando
545 2917 832 2954 obsecramus.
912 2917 975 2954 25.
1009 2916 1233 2953 Inuocauit
1272 2927 1337 2952 me
1373 2914 1538 2964 (Psalm.
1574 2916 1637 2962 90,
1659 2915 1732 2964 15).

81 2983 202 3020 dante
226 2976 262 3021 d.
280 2983 353 3030 OS,
386 2985 609 3021 Inuocauit
634 2986 731 3031 me(-
748 2981 751 3035 Ι
770 2971 916 3027 diante
941 2985 979 3022 d.
1005 2985 1044 3034 (i.
1067 2996 1096 3021 e.
1127 2984 1359 3028 Inuocauit,
1385 2985 1595 3020 mediante
1618 2982 1671 3031 d.)
1689 2985 1733 3019 B.

83 3041 142 3077 26.
176 3052 251 3078 nec
284 3040 355 3087 C83
388 3042 467 3078 nisi
501 3042 545 3078 B.
630 3053 761 3089 quum
795 3045 958 3080 constet
990 3043 1034 3078 B.

1755 1024 1794 1055 10

1756 1390 1796 1420 15

1757 1808 1799 1839 20

1758 2172 1799 2203 25
