2242 3551
404 984 444 1014 10

286 1057 358 1090 Fol.
374 1052 445 1087 3592

406 1401 445 1431 15

411 2527 453 2556 30

468 194 549 232 232
809 202 1085 231 SCRIPTORES
1120 202 1346 230 ms’romffi
1380 201 1556 230 DANJCAE
1590 201 1790 229 MINORES

470 319 694 359 uiolenter
734 321 917 371 raptum
959 317 1224 371 captiuauit,
1273 320 1315 357 et
1354 316 1525 357 detinet
1563 316 1880 369 mancipatum
1921 316 2127 357 custodie

469 390 698 432 carcerali.
763 390 867 441 Quo
901 390 1075 443 impetu
1109 390 1227 430 duos
1259 402 1403 443 equos
1436 388 1575 429 simul
1614 388 1798 442 rapiens
1837 388 2039 441 abstulit,
2087 393 2128 428 et

470 465 673 506 secundo
706 464 751 503 in
786 463 945 503 eadem
981 463 1241 503 ebdomada
1275 463 1391 503 duos
1424 462 1553 511 alios,
1587 474 1881 513 conuersum,
1920 461 2126 514 ipsorum

470 537 723 587 custodem,
771 535 890 576 acris
938 535 1209 576 uerberibus
1256 534 1517 587 affligendo.
1611 534 1873 588 Sequestrat
1919 534 2055 575 etiam
2104 548 2129 575 a

472 609 678 651 fidelium
712 608 1043 650 communione
1077 607 1413 648 sentencialiter
1446 620 1537 659 eOS,
1585 607 1661 660 qui
1703 607 1933 648 dictorum
1973 620 2129 648 mona-

471 684 666 724 chorum
716 681 882 722 missas
928 681 1178 733 audierint,
1234 685 1275 721 et
1327 693 1403 721 eos
1452 680 1680 731 similiter,
1734 680 1812 734 qui
1860 680 2128 733 permittunt

471 756 728 797 monachos
762 755 927 795 missas
961 754 1055 795 suis
1080 754 1127 794 in
1153 753 1357 807 ecclesijs
1383 753 1656 794 auscultare.
1706 753 1888 803 Quibus
1911 753 2129 794 omnibus

472 833 513 869 et
551 827 886 880 consimilibus,
934 840 1023 881 que
1062 826 1305 868 cotidianis
1345 826 1539 867 innonat
1585 825 1832 878 exerciciis,
1880 827 1937 866 ad
1986 826 2130 866 omni-

473 902 659 943 modam
729 900 1087 942 destructionem
1159 899 1314 953 sepius
1378 903 1631 940 memorate
1692 900 1860 939 domus
1922 899 2130 939 laborare

472 975 674 1023 uidetur3
739 977 780 1015 et
826 973 871 1013 in
920 973 1049 1014 breui
1098 973 1322 1027 perficiet,
1384 972 1421 1013 si
1472 985 1564 1013 non
1614 972 1882 1013 subuenerit
1929 976 2075 1012 uestre
2120 986 2131 1025 ῃ

473 1047 752 1100 dignationis
786 1046 860 1100 pia
894 1045 1128 1099 protectio,
1162 1058 1251 1099 que
1274 1058 1521 1099 oppressos
1546 1045 1691 1099 eripit,
1726 1045 1930 1086 insontes
1956 1045 2131 1096 liberat,

472 1125 513 1162 et
559 1119 776 1161 iniuriam
825 1119 1113 1173 pacientibus
1161 1118 1278 1160 iuste
1331 1118 1526 1169 iudicat,
1584 1122 1792 1171 prestans
1849 1131 2029 1172 semper
2083 1118 2128 1158 in

1933 1179 1948 1197 Ο
1979 1179 1995 1197 Ο
2038 1179 2052 1197 O
2090 1180 2105 1197 0

473 1193 691 1234 omnibus
723 1191 950 1233 auxilium
983 1195 1280 1244 oportunum.
1344 1193 1507 1231 Actum
1547 1203 1670 1231 anno
1703 1190 1882 1230 domini
1915 1200 2130 1231 ,³1.cc.1x.u.1.

474 1266 556 1307 Die
589 1266 829 1306 beatarum
864 1266 925 1305 fx.
962 1263 1208 1316 uirginum.

587 1395 737 1439 (XXII.)
801 1394 1145 1430 Procuratorium
1182 1392 1342 1429 domini
1377 1392 1599 1439 Laurencij
1635 1395 1674 1427 et
1706 1391 1847 1428 fratris
1882 1392 2019 1438 Boecij

741 1463 1048 1500 monachorum
1084 1462 1134 1497 ad
1169 1462 1329 1498 curiam
1365 1462 1597 1498 Romanam
1633 1461 1873 1500 missorum,

594 1535 615 1553 Ἰ

543 1536 899 1613 »banetissimo
940 1568 1057 1621 patri
1098 1580 1150 1608 ac
1182 1568 1374 1608 domino
1409 1558 1494 1618 .V.,
1541 1567 1613 1607 dei
1656 1567 1799 1619 gratia
1841 1571 2131 1607 sacrosancte

477 1645 683 1684 Romane
702 1642 889 1683 ecclesie
908 1654 1093 1681 summo
1112 1640 1334 1694 pontifici,
1349 1640 1486 1681 frater
1499 1640 1612 1689 .Th.‚
1631 1640 1779 1681 dictus
1795 1640 1939 1681 abbas
1956 1640 1999 1680 in
2018 1639 2133 1680 Cara

477 1716 646 1767 Insula,
679 1719 893 1768 totusque
926 1713 1133 1754 eiusdem
1168 1713 1255 1755 loci
1289 1717 1548 1754 conuentus
1582 1712 1910 1766 Cistercyensis
1944 1712 2132 1759 ordinis7

407 1802 413 1811 ‘
475 1787 737 1829 Arusiensis
761 1787 985 1841 dyocesis,
1012 1787 1206 1827 salutem
1235 1790 1278 1827 et
1302 1787 1469 1827 deuota
1496 1787 1667 1839 pedum
1694 1786 1852 1826 oscula
1877 1786 2130 1826 beatorum.

477 1860 709 1913 Quoniam
744 1859 940 1911 diuersis
974 1864 1013 1899 et
1048 1860 1335 1900 multimodis
1360 1872 1384 1899 a
1411 1860 1674 1912 dyocesano
1699 1863 1857 1899 nostro
1884 1858 2134 1910 affligimur

476 1934 670 1987 initu-ijs,
704 1934 858 1974 sedem
892 1932 1195 1986 apostolicam
1226 1932 1579 1986 appellauimus,
1613 1931 1942 1973 constituentes
1969 1932 2132 1972 latores

478 2006 781 2060 presencium,
814 2006 1003 2046 dilectos
1037 2006 1293 2046 monachos
1321 2009 1518 2057 nostros,
1552 2004 1797 2046 dominum
1824 2004 2133 2045 Laurencium

477 2084 519 2121 et
565 2080 749 2121 fratrem
801 2078 1033 2129 Boecium,
1082 2091 1135 2118 ex
1183 2082 1309 2131 parte
1357 2082 1513 2119 nostra
1561 2082 1603 2118 et
1649 2077 1838 2131 capituli
1886 2077 2029 2118 nostri
2076 2077 2132 2117 ad

435 2164 447 2172 ⁷
478 2153 722 2205 agendum,
764 2151 1102 2205 excipiendum,
1151 2151 1470 2203 replicandum
1504 2154 1545 2191 et
1577 2150 1934 2201 defendendum,
1976 2150 2033 2190 ad
2067 2149 2132 2189 in-

478 2226 752 2279 petrandum
789 2228 831 2265 et
862 2225 917 2265 ad
952 2224 1379 2273 contradicendum,
1413 2228 1455 2264 et
1486 2224 1543 2264 ad
1577 2223 1734 2264 omnia
1768 2227 1810 2263 et
1841 2222 2033 2274 singula,
2076 2222 2133 2262 ad

479 2311 566 2352 que
606 2297 792 2349 legitimi
834 2301 1155 2350 procuratores
1196 2297 1294 2337 siue
1336 2299 1620 2349 procurator,
1668 2295 1705 2336 si
1744 2296 1938 2336 alterum
1978 2295 2134 2336 deesse

480 2370 730 2422 contigerit,
775 2370 908 2410 debet
940 2369 1171 2420 constitui,
1214 2369 1385 2409 Dantes
1419 2369 1482 2409 eis
1515 2368 1651 2409 etiam
1686 2371 1956 2421 potestatem
1990 2367 2131 2408 alium

481 2444 577 2484 siue
622 2442 751 2493 alios,
799 2442 836 2482 si
883 2454 1068 2483 necesse
1116 2441 1263 2494 fuerit,
1312 2445 1632 2494 procuratores
1680 2440 1990 2482 constituendi
2039 2439 2135 2480 siue

481 2515 803 2567 substituendi,
850 2514 1058 2555 similiter
1101 2514 1237 2554 etiam
1280 2515 1325 2554 in
1366 2513 1572 2554 animam
1615 2518 1820 2555 nostram
1853 2512 2051 2564 iurandi,
2099 2511 2134 2552 si

481 2599 665 2628 necesse
707 2587 853 2628 fuerit.
928 2588 1026 2628 Hoc
1073 2586 1302 2627 sanctitati
1349 2590 1498 2627 uestre
1545 2586 1718 2640 totique
1766 2585 1964 2639 presenti
2011 2584 2134 2626 curie

483 2661 687 2701 Romane
735 2659 1023 2714 presentibus
1071 2659 1385 2711 significamus
1433 2663 1474 2700 et
1522 2659 1638 2713 parti
1685 2660 1890 2699 aduerse.
1964 2658 2133 2697 Datum

866 2722 927 2740 00
969 2722 984 2740 0
1031 2722 1046 2739 0

417 2770 422 2773 ,
481 2747 604 2774 anno
636 2733 814 2774 domini
846 2742 1075 2774 arcelaum.
1108 2745 1147 2772 V.
1183 2733 1249 2772 Kt.
1287 2732 1563 2785 Februarij.«

570 2840 602 2874 4.
637 2830 713 2880 aes,
748 2839 769 2875 i.
802 2849 831 2874 e.
867 2839 988 2882 acris,
1030 2837 1085 2875 CS
1113 2849 1188 2884 ριό
1222 2838 1414 2883 acribus;
1456 2839 1525 2874 sed
1555 2837 1666 2873 hanc
1695 2837 1876 2883 formam
1910 2837 2030 2872 etiam
2064 2835 2136 2871 alii

484 2898 798 2942 usurpauerunt.
878 2897 937 2931 14.
970 2894 1029 2935 ΤΧ,
1071 2894 1241 2943 (nouem
1284 2894 1478 2943 millium)
1517 2894 1582 2939 CS,
1628 2895 1697 2931 sed
1728 2894 1786 2933 ,341
1827 2893 1949 2930 scribi
1987 2892 2132 2929 debuit.

488 2964 663 3000 15—16.
690 2964 831 3000 omnia
859 2964 977 3000 verba
1002 2964 1230 3000 rubricator
1257 2963 1403 3009 pinxit.
1470 2964 1530 3000 18.
1559 2951 1634 3000 F—R‘.
1654 2964 1728 2999 Th.
1753 2961 1815 2999 CS.
1879 2963 1943 2998 22.
1968 2961 2133 3009 appela-

484 3020 623 3057 uimus
651 3020 715 3058 CS.
778 3021 840 3058 28.
874 3021 1060 3058 debent
1091 3022 1201 3057 siue
1234 3020 1357 3058 debet
1383 3020 1642 3057 scribendum
1673 3022 1769 3064 erat,
1803 3019 1990 3055 similiter
2013 3016 2134 3055 1229:

484 3081 889 3124 procuratorem
924 3079 1037 3114 siue
1071 3081 1383 3125 procuratores.
