2242 3551
8 314 10 343 --
8 0 21 285 ‹...--.-....-,———---...⁴

397 224 456 252 DE
489 222 810 252 PROFECTIONE
843 224 1062 254 DANORVM
1096 226 1140 253 IN
1174 226 1533 256 HIEROSOLYMAM
1713 218 1793 257 477

131 337 422 390 utensilibus,
464 351 521 378 ne
553 337 682 390 forte,
730 339 885 393 sepius
918 339 1079 380 iterato
1112 339 1269 393 litigio,
1313 341 1422 394 quid
1457 342 1657 382 deterius
1690 356 1795 383 con-

126 411 301 463 tingere
334 411 571 464 potuisset.

207 610 344 656 Caput
374 609 478 646 XII.:
512 609 737 654 Quomodo
771 610 939 646 Swerus
973 620 1104 646 naues
1137 613 1176 646 et
1208 615 1459 657 apparatum
1496 612 1710 648 Danorum

810 667 1111 714 explorauerit.

220 737 545 815 Abeuntibus
584 777 738 813 autem
778 772 868 813 illis
902 772 1033 813 Vlfus
1072 772 1118 813 in
1151 772 1336 813 ciuitate
1369 779 1639 826 remoratur,
1687 789 1789 827 egre
1818 785 1835 815 5

127 847 326 886 multum
369 845 520 886 ferens
561 846 677 898 regis
719 846 975 887 aduentum
1008 845 1154 886 nimia
1187 844 1407 886 dilatione
1440 847 1632 896 differri,
1682 849 1788 901 quia

124 923 309 972 tempus
355 932 466 959 aure
512 918 702 960 lenioris
749 920 927 971 abibat,
991 922 1033 958 et
1085 921 1180 958 tota
1236 917 1312 957 uia
1370 919 1561 971 periculi
1615 921 1788 961 altioris

124 992 412 1032 imminebat.
474 992 531 1032 At
561 1005 656 1032 non
690 992 837 1033 multo
870 996 975 1045 post
1006 995 1163 1045 optato
1196 990 1435 1031 fruebatur
1467 992 1709 1043 desiderio,
1748 999 1788 1034 et

123 1078 228 1106 ecce
275 1064 544 1118 superuenit
587 1065 769 1106 Swerus
816 1078 896 1106 rex
941 1064 1225 1118 inopinatus,
1273 1077 1401 1104 more
1449 1065 1596 1117 solito,
1644 1067 1787 1107 Danis

123 1151 230 1178 eum
264 1138 420 1178 adhuc
451 1151 595 1191 prope
628 1138 864 1179 ciuitatem
897 1138 944 1178 in
983 1141 1135 1191 portu,
1183 1136 1261 1190 qui
1302 1136 1469 1177 dicitur
1503 1139 1784 1191 Florewagh,
1817 1150 1855 1180 10

123 1211 493 1264 expectantibus3
539 1215 580 1252 et
613 1225 729 1265 pene
761 1212 888 1251 iuxta
920 1211 1038 1263 illos,
1070 1210 1118 1250 in
1150 1213 1285 1263 portu
1318 1213 1472 1250 tamen
1507 1211 1662 1263 altero,
1694 1215 1785 1252 ten-

120 1283 238 1324 toria
293 1283 403 1324 fixit.
497 1284 714 1338 Sequenti
770 1298 879 1325 uero
934 1288 1088 1335 nocte,
1151 1282 1336 1323 duobus
1389 1287 1569 1323 tantum
1626 1297 1783 1324 secum

119 1357 392 1410 assumptis,
435 1357 569 1410 quasi
609 1358 821 1398 curiosus
863 1358 1125 1411 explorator
1157 1356 1394 1396 descendit
1424 1356 1472 1396 in
1504 1357 1711 1397 lembum
1745 1361 1785 1397 et

120 1429 242 1470 lenta
274 1429 575 1482 remigatione
608 1430 865 1471 ducebatur
896 1431 953 1470 ad
988 1442 1080 1482 eos,
1119 1433 1166 1469 ut
1198 1428 1462 1481 diligentius
1494 1429 1782 1481 singulorum

119 1502 434 1542 consideraret
480 1507 729 1556 apparatus
778 1507 1007 1544 ornatum.
1070 1502 1127 1542 At
1172 1501 1239 1541 illi
1285 1501 1607 1554 nauigantium
1656 1516 1781 1543 more
1811 1513 1850 1542 15

108 1578 357 1631 ⁴seruantes
399 1576 631 1628 excubias,
677 1580 777 1616 tum
819 1581 1006 1630 propter
1047 1574 1241 1615 insidias
1278 1574 1434 1614 furum
1476 1579 1518 1615 et
1550 1575 1781 1616 latronum

119 1647 438 1688 fraudulentos
486 1648 722 1701 incursus,
776 1654 875 1689 tum
930 1649 1067 1690 etiam
1124 1648 1183 1688 ob
1240 1651 1487 1687 uentorum
1536 1648 1781 1689 mutabiles

117 1720 376 1773 qualitates,
423 1705 514 1773 <ut>
561 1721 780 1761 uiderunt
825 1721 1040 1761 homines
1088 1720 1134 1760 in
1182 1719 1349 1759 umbra
1396 1719 1544 1759 noctis
1586 1720 1780 1760 obscure

117 1792 251 1846 quasi
291 1792 464 1832 furtiuo
506 1794 709 1846 quodam
754 1807 974 1847 processu
1022 1793 1207 1833 silenter
1254 1792 1508 1845 propellere
1548 1793 1779 1845 cymbam,

118 1864 233 1905 nihil
273 1864 423 1905 simile
462 1867 517 1906 de
549 1878 651 1918 rege
684 1866 905 1920 suspicati
938 1869 1159 1919 ceperunt
1191 1864 1254 1905 eis
1288 1865 1491 1905 clamosa
1526 1866 1779 1905 subsanna-
1807 1877 1847 1907 20

116 1937 240 1978 tione
280 1937 503 1979 insultare
544 1939 943 1993 contumeliasque
991 1939 1242 1979 uerborum
1291 1941 1332 1977 et
1378 1937 1585 1989 iniurias,
1630 1937 1777 1977 ‘fures'

116 2011 417 2063 appellantes,
464 2011 677 2064 irrogare,
756 2012 836 2052 Ille
882 2016 1057 2063 autem,
1112 2010 1336 2064 patienter
1383 2010 1492 2050 satis
1539 2010 1777 2061 sufferens,

116 2082 288 2123 blanda
326 2096 408 2136 pro
447 2084 622 2137 asperis
661 2097 884 2138 responsa
922 2084 1157 2135 reddebat,
1205 2082 1431 2135 mittigare
1470 2083 1630 2123 uolens
1671 2082 1777 2122 insi-

117 2155 338 2208 pientiam
388 2169 434 2196 se
481 2156 649 2197 frustra
696 2158 1058 2198 molestantium.
1122 2155 1319 2196 Excitati
1356 2156 1541 2195 tandem
1584 2154 1774 2208 quidam

115 2228 171 2268 de
218 2229 390 2280 nautis,
438 2229 553 2269 scire
600 2230 828 2280 uolentes,
880 2231 1003 2270 unde
1049 2229 1165 2270 foret
1211 2228 1326 2268 tanti
1374 2227 1530 2268 irrisus
1578 2227 1774 2278 occasio,
1803 2239 1843 2268 25

115 2300 298 2351 cognito
340 2301 458 2353 regis
497 2314 687 2342 accessu
718 2304 838 2343 ‘Aue'
880 2302 1096 2343 dicebant
1137 2302 1189 2342 ei.
1256 2301 1314 2340 Hi
1354 2314 1480 2352 uero,
1527 2300 1605 2353 qui
1648 2299 1775 2352 prius

114 2373 279 2412 stolida
342 2374 640 2415 insultatione
700 2375 982 2427 garriebant,
1044 2374 1225 2415 confusi
1286 2373 1466 2425 linguas
1527 2373 1774 2426 faucesque

114 2445 462 2497 restringebant.
526 2447 620 2487 Rex
659 2452 829 2499 autem,
876 2447 1085 2500 agnitum
1123 2460 1170 2487 se
1212 2446 1576 2499 deprehendens,
1621 2444 1772 2484 subito

113 2505 357 2558 recedebat
388 2522 430 2558 et
462 2523 644 2572 postera
677 2520 750 2560 die
782 2520 1050 2574 properauit
1081 2520 1152 2560 ad·
1172 2519 1349 2559 urbem.
1514 2516 1516 2518 ’

203 2677 220 2711 1
258 2687 313 2723 sq.
358 2688 410 2713 ne
452 2679 554 2725 quid
594 2680 673 2715 det.
716 2683 825 2716 cont.
866 2680 1087 2727 potuisset,
1135 2678 1206 2724 cfr.
1246 2687 1391 2723 euany.
1433 2676 1525 2713 Joh.
1560 2675 1682 2721 5‚14.
1716 2696 1770 2700 -—

114 2733 150 2770 3.
184 2733 303 2769 verba
336 2746 467 2772 naues
506 2739 543 2772 et
582 2736 622 2773 It.
659 2737 679 2773 I.
713 2737 768 2782 03
815 2737 1002 2783 superius
1034 2747 1112 2772 om.
1147 2736 1188 2771 E.
1269 2736 1329 2771 10.
1363 2734 1485 2770 Flore
1518 2733 1658 2779 uuagh
1692 2731 1770 2776 M13

113 2790 379 2838 Floreuvagh
425 2793 478 2838 Α;
526 2794 794 2841 Florcuuagh
842 2793 935 2830 M2S
981 2793 1230 2843 (Floruvagr
1275 2789 1538 2837 Norwayice).
1620 2791 1682 2825 18.
1724 2792 1769 2825 ut

112 2848 268 2894 addidi,
318 2851 362 2885 ut
391 2849 496 2886 iusta
524 2851 719 2897 periodus
749 2851 985 2898 efficeretur.
1050 2850 1113 2886 23.
1146 2850 1353 2895 mittigare
1386 2849 1425 2890 S,
1472 2850 1509 2883 et
1543 2847 1600 2883 sic
1637 2847 1770 2892 potuit

113 2904 156 2940 in
199 2904 418 2952 archetypo
463 2907 603 2952 scrib1'3
652 2909 843 2955 mitigare
883 2909 972 2945 MA.
1051 2908 1114 2943 24.
1155 2907 1327 2952 quidam
1372 2906 1464 2949 MS,
1511 2905 1681 2950 quidem
1723 2905 1766 2939 Α.

114 2962 177 2997 25.
210 2962 362 2999 irrisus
393 2965 539 3011 scripsi
567 2963 628 3014 (ut
656 2977 782 3012 snpra
814 2965 966 3002 dicitur
994 2962 1305 3011 subsannatio),
1345 2963 1456 2999 risus
1489 2961 1535 2997 O.
1598 2962 1662 2997 29.
1696 2958 1767 3007 po-

112 3021 225 3054 stero
259 3020 300 3057 S.
333 3041 387 3045 —
