2242 3551
436 974 478 1005 10

440 1337 480 1367 15

441 1701 484 1732 20

446 2064 488 2095 25

500 183 553 223 54
842 191 1117 220 SCRIPTORES
1150 190 1377 220 HISTORIAE
1409 191 1586 220 DANICAE
1618 191 1817 219 MINORES

584 307 904 358 (MCLXXXV.
971 305 1260 358 Bugislauus,
1308 307 1399 346 dux
1433 304 1717 355 Pomeranie,
1756 303 1914 344 volens
1948 303 2149 344 Ruianos

501 382 662 433 delere,
710 393 790 432 per
823 380 978 419 Danos
1020 379 1274 419 debellatus
1313 378 1509 432 perdidit
1552 377 1643 418 fere
1683 376 1955 430 quingentas
1994 388 2148 416 naues.

504 451 757 505 Hocssanno
791 452 937 492 faetus
971 455 1037 492 θεῖ
1069 452 1209 492 homo
1242 452 1358 504 regis
1393 450 1573 492 Kanuti.
1621 448 1763 490 Addit.
1799 449 1891 499 vet.)

590 524 940 566 MCLXXXVII.
1005 524 1292 565 Hierusalem
1341 537 1366 564 a
1413 523 1603 577 paganis
1650 525 1781 574 capta
1829 524 1905 561 est.
1976 521 2149 561 Eodem

503 612 625 639 anno
658 598 775 638 facta
809 601 874 637 θεῖ
906 597 1088 650 eclipsis
1120 597 1241 638 solis.

589 670 960 711 MCLXXXVIII.
1012 670 1115 710 Dux
1132 670 1455 711 Waldemarus
1482 668 1532 708 fit
1556 667 1686 708 miles
1708 679 1781 707 vu.
1809 666 1904 706 Kal.
1928 665 2149 719 Januarij.

587 743 933 795 (MCLXXXIX.
983 742 1225 795 Expeditio
1258 742 1376 782 faeta
1409 744 1475 781 θεῖ
1505 740 1552 780 in
1585 739 1809 787 Slauiam;
1843 742 1884 778 et
1912 739 2151 779 Jarmarus

503 818 650 857 factus
683 820 747 856 est
779 820 901 856 tutor
936 828 1186 868 puerorum
1220 813 1465 866 Bugislaui.
1514 810 1655 853 Addit.
1692 812 1784 862 vet.)

588 888 780 940 (MCXC.
834 887 1207 940 Brugstenburgh
1231 886 1491 927 reedificata
1519 889 1585 925 θεῖ
1602 897 1680 937 per
1698 884 1867 924 Dauos,
1901 882 2040 924 Addit.
2062 883 2153 935 vet.)

591 961 790 1002 MCXCI.
840 960 1080 1014 Expeditio
1107 960 1162 999 ad
1192 959 1389 999 Finland
1422 957 1516 1011 (per
1546 958 1781 998 Kanu’tum
1813 967 1978 1008 regem,
2011 955 2151 996 Addit.

505 1033 615 1086 rea),
648 1047 735 1086 que
769 1033 947 1073 deuicta
981 1036 1047 1072 est
1077 1045 1103 1072 a
1136 1031 1291 1072 Danis,

593 1106 814 1147 MCXCII.
864 1105 1121 1158 Episcopus
1138 1104 1462 1144 Waldemarus
1492 1102 1605 1154 fugit
1628 1102 1683 1142 de
1704 1102 1855 1143 Dacia.
1906 1101 1961 1141 Et
1980 1102 2152 1152 Petrus,

507 1180 629 1220 filius
661 1178 838 1219 domini
871 1177 1084 1228 Sunonis,
1117 1161 1385 1230 <episcopus>
1420 1174 1724 1215 Roskildensis
1755 1177 2059 1215 consecratur.

594 1251 839 1292 MCXCIII.
904 1251 1131 1290 Reuersus
1172 1253 1237 1289 θεῖ
1272 1249 1596 1305 Waldemarus
1634 1246 1875 1300 episcopus
1921 1251 1961 1286 et
1994 1249 2154 1299 captus

507 1326 565 1376 (θῖ
606 1324 781 1377 positus
822 1323 868 1362 in
908 1322 1020 1362 turri
1066 1321 1311 1373 Norburgh
1350 1333 1388 1361 v.
1429 1319 1562 1361 annis
1603 1324 1645 1361 θῖ
1684 1323 1787 1372 post
1825 1320 1869 1359 in
1913 1318 2154 1371 Syoburgh

508 1411 563 1438 lx.
597 1397 745 1448 annis,
778 1394 918 1435 Addit.
954 1395 1057 1445 vei).
1121 1395 1175 1434 Et
1208 1393 1409 1447 primum
1444 1392 1709 1433 incendium
1742 1392 1788 1432 in
1822 1392 1999 1432 Esrom.

596 1468 863 1510 MCXCIIII.
928 1467 1194 1508 Conuen’tus
1239 1466 1364 1507 venit
1407 1465 1453 1505 in
1493 1466 1553 1505 As
1600 1466 1851 1505 claustrum
1898 1463 2152 1504 Hallandie.

510 1542 715 1596 (Asylum
748 1541 979 1591 fundatur,
1015 1539 1155 1580 Addit.
1189 1537 1296 1592 rec).
1361 1538 1415 1578 Et
1447 1551 1601 1579 comes
1634 1537 1828 1577 Adulfus
1861 1537 1916 1577 de
1951 1536 2155 1577 Holsatia

511 1615 688 1669 capitur
720 1627 744 1654 a
777 1624 878 1664 rege
913 1613 1107 1652 Kanuto.

598 1687 814 1729 MCXCV.
876 1686 1032 1726 Turbo
1065 1696 1259 1737 magnus
1292 1683 1375 1724 fuit
1407 1683 1453 1723 in
1486 1683 1558 1724 die
1591 1682 1735 1723 sancti
1769 1681 1960 1734 Georgii.

599 1759 838 1801 MCXCVI.
924 1759 1131 1798 Kanutus
1184 1770 1262 1797 rex
1318 1769 1423 1796 cum
1477 1755 1675 1796 exercitu
1722 1755 1951 1808 profectus
1998 1758 2065 1794 est
2110 1754 2155 1794 in

514 1833 717 1874 Estland.

600 1904 863 1946 MCXCVII.
927 1903 1100 1956 Incepit
1131 1902 1243 1943 ordo
1277 1906 1430 1942 sancte
1463 1900 1710 1942 Trinitatis.

601 1977 886 2019 MCXCVIII.
972 1975 1141 2029 Sophia
1199 1975 1353 2026 regina
1401 1974 1524 2026 obijt.
1610 1974 1666 2013 Et
1713 1974 1871 2013 Petrus
1918 1972 2161 2025 episcopus

514 2055 673 2104 captus
716 2053 782 2090 θεῖ
820 2050 878 2100 (θῖ
910 2048 1208 2089 Thorbernus
1247 2048 1382 2088 frater
1427 2046 1537 2099 eius,
1584 2045 1725 2086 Addit.
1765 2046 1871 2096 rea).
1932 2045 2158 2096 (Castrum

604 2146 636 2181 1.
672 2144 889 2189 Bugislaus
923 2143 969 2178 H.
1052 2142 1255 2178 Pomeriae
1290 2142 1339 2177 M.
1416 2142 1451 2177 2.
1480 2143 1573 2187 post
1603 2151 1732 2176 naues
1764 2139 1884 2175 habet
1914 2140 1969 2175 H:
2014 2137 2071 2187 (A.
2098 2135 2162 2185 D.)

520 2203 638 2247 1186,
670 2203 763 2237 anie
795 2201 830 2236 3.
856 2201 947 2236 Hoc
970 2211 1080 2235 anno
1102 2199 1125 2234 f.
1150 2202 1188 2235 et
1218 2197 1278 2247 (S.
1312 2197 1389 2246 θεῖ)
1420 2199 1554 2234 honos
1585 2196 1648 2245 (Sz
1682 2195 1826 2245 homo)
1858 2197 1977 2242 Regis
2001 2196 2160 2232 Canuti.

516 2260 579 2296 Ad
619 2260 755 2294 hofios
795 2257 942 2304 aliquis
982 2257 1023 2292 in
1056 2257 1089 2292 H
1133 2256 1174 2291 in
1208 2266 1336 2301 marg).
1368 2255 1654 2301 adscripscrat:
1705 2255 1817 2290 Hans
1861 2253 2050 2299 brollup3
2095 2252 2164 2288 sed

519 2316 627 2363 infra
659 2316 735 2351 hoc
766 2326 877 2351 man.
910 2325 1064 2350 recens:
1108 2313 1354 2360 ingalunda!
1416 2313 1494 2348 Las
1525 2313 1677 2348 ‘homo'
1712 2313 1723 2347 i
1756 2315 1803 2347 st.
1834 2311 1858 2347 f.
1888 2311 2049 2346 ‘honos'
2083 2310 2163 2345 och

518 2373 647 2411 forstz‘i
673 2372 845 2408 dermed
865 2371 1094 2417 Bugislaus.
1159 2371 1193 2407 4.
1226 2370 1458 2406 Jerusalem
1485 2370 1531 2406 H.
1595 2370 1628 2404 5.
1662 2369 1854 2416 ecclipsis
1881 2369 1927 2403 H.
1990 2368 2024 2403 7.
2056 2367 2163 2402 facta

518 2433 559 2467 in
594 2430 776 2467 Slauiam
810 2430 856 2465 H.
930 2430 964 2464 8.
994 2430 1085 2474 posi
1116 2427 1327 2474 Bugislaui
1361 2428 1401 2462 in
1436 2427 1469 2462 H
1502 2425 1602 2474 (non
1635 2425 1678 2475 S)
1709 2426 1904 2472 scriptam
1933 2424 2083 2470 fuerat:
2126 2427 2164 2459 et

520 2489 682 2535 positus
715 2489 776 2523 est
800 2487 841 2522 in
867 2486 973 2522 turri
992 2485 1217 2531 Norburgh
1242 2495 1277 2520 v.
1303 2496 1418 2521 ann.:
1451 2486 1489 2519 et
1521 2487 1665 2530 postea
1698 2483 1738 2518 in
1759 2483 1978 2529 Syoburgh
2004 2491 2056 2517 lx.
2082 2492 2164 2525 an.;

473 2543 478 2546 ’
519 2546 587 2582 sed
617 2544 702 2580 lzaec
725 2546 863 2590 postea
889 2543 1014 2579 deleta
1038 2545 1155 2586 sani,·
1184 2541 1387 2588 pertinent
1409 2541 1462 2576 ad
1489 2552 1522 2578 υ.
1545 2541 1605 2577 15.
1668 2542 1702 2576 9.
1732 2540 1818 2576 Hoc
1839 2539 2163 2575 additamentam

519 2614 603 2639 non
622 2601 741 2638 habet
759 2602 806 2636 H.
870 2601 930 2637 10.
950 2600 1155 2635 Findland
1176 2599 1262 2644 HS;
1293 2598 1332 2634 in
1352 2608 1482 2643 marq.
1503 2599 1556 2634 H:
1585 2597 1821 2635 Windland.
1888 2597 1948 2632 12.
1968 2595 2099 2631 Dania
2118 2595 2164 2630 H.

524 2661 585 2696 13.
618 2659 842 2705 episcopus
875 2657 1060 2694 Roskild.
1093 2657 1248 2700 Arnas;
1294 2656 1518 2701 episcopus
1560 2666 1637 2691 om.
1679 2655 1772 2699 CH;
1820 2652 2085 2699 Roschyldiae
2118 2652 2164 2687 H.

525 2718 586 2752 15.
627 2717 668 2751 in
709 2719 825 2751 turre
865 2714 1059 2760 Norborg
1099 2714 1145 2749 H.
1229 2723 1263 2748 v.
1298 2713 1388 2755 MH,
1434 2712 1502 2748 sed
1540 2714 1580 2748 in
1615 2713 1650 2748 H
1690 2712 1861 2747 delelum
1893 2713 1959 2751 est,
2009 2712 2045 2745 et
2084 2709 2165 2744 alia

522 2783 672 2810 maniis
717 2772 756 2808 in
791 2783 919 2817 mary.
952 2771 1113 2817 scripsit
1142 2781 1256 2813 xlm„
1302 2769 1410 2816 quod
1440 2770 1586 2815 recepit
1617 2769 1655 2805 S.
1746 2767 2017 2814 Syoborrigh‚
2062 2776 2163 2801 corr.

523 2831 565 2867 in
599 2830 844 2876 Sjoborrigh
879 2829 933 2874 H3
981 2828 1208 2874 Syoborrig
1240 2827 1278 2862 S.
1358 2826 1419 2862 16.
1455 2827 1605 2862 Esrum
1641 2827 1675 2861 H
1707 2828 1806 2873 (non
1838 2822 1891 2872 S).
1964 2824 2024 2859 17.
2056 2822 2167 2858 venit

523 2890 575 2924 As
607 2887 656 2923 cl.
690 2888 744 2932 H;
792 2887 904 2922 venit
934 2886 986 2921 ad
1019 2885 1065 2921 cl.
1100 2885 1147 2929 S3
1193 2884 1246 2920 ad
1276 2885 1329 2919 As
1370 2884 1411 2919 in
1450 2894 1578 2929 marg).
1613 2884 1646 2918 H
1680 2882 1847 2918 additur
1875 2880 2045 2926 Asylum
2085 2877 2168 2927 (sed

525 2956 607 2980 ηοη
640 2942 871 2991 fundatur);
903 2943 1073 2988 Asylum
1109 2942 1309 2978 fundatur
1339 2951 1416 2975 om.
1443 2940 1483 2975 S,
1549 2941 1610 2975 18.
1643 2940 1860 2985 Adolphus
1886 2938 1932 2973 H.
1995 2937 2059 2973 20.
2090 2936 2168 2971 fuit

525 3005 559 3037 et
601 3002 733 3037 sancti
774 3012 852 3036 om.
895 3002 942 3036 H.
1020 3001 1082 3035 21.
1127 2999 1229 3046 prof.
1271 3001 1330 3033 θεῖ
1370 3009 1464 3033 cum
1505 3008 1636 3034 exerc.
1682 2998 1726 3033 H.
1805 2997 1866 3032 25.
1906 2997 1966 3030 est
2007 3004 2085 3030 om.
2120 2993 2167 3028 H.

525 3059 768 3096 Torbernus
802 3058 848 3095 H.
