2242 3551
551 203 693 230 VETvs
725 200 952 230 CHRONICA
985 201 1223 229 siALANmE
1656 190 1708 228 55

61 318 402 372 Reynaesburgh
442 320 642 369 captum,
689 319 731 356 et
762 315 1059 368 Thytmarcia
1101 314 1323 369 acquisita
1356 327 1435 367 per
1468 314 1625 354 Danos
1664 313 1707 353 in

60 391 131 432 die
164 389 387 432 Omnium
422 389 708 440 Sanctorum,
740 387 882 428 Addit.
919 387 1021 437 vet).

146 462 278 504 MCC.
344 461 549 502 Holsatia
598 460 740 501 Danis
789 460 1071 512 subiugatur.
1136 460 1311 500 Eodem
1359 472 1481 499 anno
1525 462 1709 499 sanctus

63 535 348 586 Dominicus,
383 533 722 574 predicatorum
756 534 848 573 dux
882 533 1094 585 inclytus,
1127 532 1343 584 migrauit
1371 533 1427 572 ad
1453 531 1707 572 dominum.

61 608 150 659 Qui
183 620 236 648 ex
257 606 477 660 Hispanie
507 606 728 659 partibus,
761 605 882 657 villa,
915 618 1003 658 que
1035 605 1200 645 dicitur
1220 606 1454 657 Calaroga,
1487 603 1710 644 oriundus

60 681 162 732 fuit,
215 679 484 721 uxamensis
532 678 739 719 diocesis.
830 678 974 718 Natus
1022 681 1174 718 autem
1222 677 1308 731 piis
1356 676 1623 730 parentibus
1671 680 1711 715 et

60 753 265 805 religiose
298 752 495 793 nutritus
526 751 644 805 cepit
669 764 766 791 esse
792 764 904 804 puer
930 750 1210 802 ingeniosus,
1243 754 1398 803 utpote
1425 749 1503 802 qui
1526 748 1711 789 sortitus

60 826 262 867 animam
310 825 482 866 bonam
529 838 555 865 a
602 823 805 865 domino.
898 824 1030 863 Pater
1077 822 1174 863 eius
1223 822 1370 874 Felix,
1425 825 1568 861 mater
1614 821 1710 861 eius

60 899 275 940 Johanna
323 901 590 951 nuncupata
637 901 714 937 est.
792 896 858 936 De
905 909 957 936 eo
1004 895 1179 948 legitur,
1227 896 1365 949 quod,
1412 907 1516 935 cum
1566 893 1711 934 factus

61 975 177 1012 esset
208 970 479 1024 predicator,
512 974 553 1010 et
585 969 846 1023 disputante
877 982 929 1009 eo
956 972 1113 1009 contra
1139 967 1362 1009 hereticos
1387 968 1509 1021 apud
1532 967 1708 1006 Fanum

61 1044 191 1085 Jouis
224 1043 309 1084 sub
342 1043 572 1083 iudicibus
605 1042 832 1095 deputatis
864 1045 905 1082 et
934 1045 1102 1081 statuto
1127 1041 1199 1080 die
1225 1040 1488 1080 aduenisset
1514 1039 1712 1092 plurima

38 1117 309 1157 'multitudo
358 1116 651 1169 populorum,
701 1118 743 1155 et
782 1115 917 1166 longa
956 1113 1204 1167 disputatio
1248 1112 1366 1153 facta
1412 1112 1583 1162 fuisset,
1630 1123 1714 1151 nec

62 1189 191 1230 facile
238 1189 433 1229 discerni
483 1188 719 1241 potuisset,
765 1187 869 1241 quis
908 1186 1226 1227 rationabilior
1264 1185 1506 1235 videretur,
1552 1184 1713 1224 beatus

64 1262 335 1303 Dominicus
368 1275 425 1301 an
458 1261 764 1301 hereticorum
799 1260 1012 1311 magister
1045 1259 1306 1312 precipuus,
1343 1258 1528 1298 tandem
1562 1257 1711 1298 visum

63 1339 128 1375 est
159 1334 354 1386 arbitris,
387 1338 435 1374 ut
467 1337 685 1387 utrosque
718 1333 897 1373 libellos
923 1332 969 1372 in
997 1332 1148 1384 ignem
1177 1331 1448 1384 proicerent,
1482 1329 1713 1370 Dominici

64 1407 270 1448 videlicet
303 1411 344 1447 et
375 1405 575 1457 heretici,
623 1409 678 1457 et,
726 1406 760 1445 si
804 1405 906 1458 quis
948 1405 1134 1445 illorum
1177 1404 1334 1444 illesus
1367 1403 1593 1453 euaderet,
1640 1402 1714 1442 ille

48 1480 187 1533 ¹testis
219 1492 322 1520 vere
354 1479 462 1520 fidei
494 1479 750 1519 haberetur.
799 1479 1002 1519 Accenso
1037 1477 1172 1529 igitur
1205 1477 1305 1529 igne
1332 1479 1521 1529 uterque
1548 1474 1714 1515 immit-

63 1553 184 1605 titur,
218 1565 271 1593 ac
302 1552 416 1593 liber
448 1552 635 1592 heretici
664 1565 773 1592 mox
798 1550 999 1591 flammis
1024 1549 1241 1602 exuritur,
1274 1553 1315 1589 et
1341 1549 1456 1589 liber
1484 1547 1714 1589 Dominici

64 1638 250 1679 prorsus
297 1638 388 1666 non
437 1624 615 1665 leditur.
680 1625 890 1665 Secundo
930 1623 1064 1676 igitur
1104 1622 1298 1663 iniectus
1338 1634 1390 1662 ac
1427 1620 1559 1661 tertio
1600 1633 1714 1674 eque

64 1698 241 1752 prosilit
279 1698 614 1749 incombustus,
661 1697 902 1737 manifesta
943 1695 1214 1750 probatione
1253 1696 1575 1735 demonstrans
1608 1693 1715 1734 fidei

65 1771 287 1812 catholice
334 1770 570 1811 veritatem
618 1774 660 1811 et
706 1769 938 1810 Dominici
985 1769 1285 1810 sanctitatem.
1367 1768 1432 1808 De
1480 1765 1714 1807 miraculis

65 1844 163 1885 eius
195 1845 256 1884 ita
289 1843 487 1884 breuiter
518 1843 565 1883 in
597 1842 835 1897 sequentia
866 1842 1108 1896 reperitur:

574 1951 603 1985 A
635 1949 844 1985 defunctis
877 1951 1122 1985 reuocatum

574 2019 697 2054 matri
730 2019 871 2054 vivum
904 2018 1042 2053 reddit
1074 2019 1231 2060 natum,

574 2088 722 2124 viuens
756 2087 895 2123 adhuc
927 2096 1128 2133 corpore;

574 2157 692 2203 signo
725 2156 864 2192 crucis
896 2155 1032 2191 imber
1062 2154 1189 2199 cedit;

574 2225 697 2261 turba
730 2225 907 2261 fratrum
942 2234 1092 2270 panem
1127 2223 1211 2259 edit

574 2294 750 2330 missum
785 2294 849 2329 dei
883 2303 1068 2329 munere.

156 2427 188 2462 1.
222 2426 468 2472 Reynsburg
495 2426 581 2471 HS3
616 2425 655 2461 in
690 2436 820 2471 mat-9.
848 2425 902 2460 H:
937 2421 1307 2467 Reinholdtzburg.
1384 2418 1649 2468 Dytmaria(!)
1667 2420 1714 2455 H.

69 2484 104 2520 2.
143 2485 235 2530 post
274 2484 522 2519 Sanctorum
563 2483 655 2519 add.
691 2483 749 2518 H:
799 2482 848 2517 Et
887 2481 991 2516 ordo
1024 2481 1236 2515 minorum
1270 2479 1426 2525 incipit.
1504 2480 1538 2513 4.
1581 2477 1716 2523 predi-

69 2544 196 2582 cator,
244 2541 334 2576 Dux
367 2540 453 2583 CH,
485 2551 584 2576 corr.
618 2539 764 2576 Arnas.
844 2538 1038 2584 migrauit
1070 2537 1121 2572 ad
1154 2537 1212 2576 d,:
1251 2538 1361 2572 errat
1389 2535 1583 2581 script0r;
1622 2533 1719 2569 obiit

70 2598 177 2633 enim
219 2600 383 2633 sanctus
422 2597 470 2633 D.
513 2608 624 2633 anno
665 2597 828 2632 demum
864 2595 980 2632 1221.
1056 2595 1193 2630 5—28
1232 2593 1327 2637 (Qui
1375 2603 1421 2628 ex
1466 2592 1715 2638 Hisp...dei

72 2656 257 2699 munere)
282 2665 360 2690 om.
381 2655 436 2699 H;
470 2655 510 2690 in
536 2654 598 2690 his
624 2656 766 2690 auctor
786 2656 925 2689 noster
940 2653 982 2688 Β.
1001 2651 1177 2687 ι101τίαηί
1198 2650 1411 2686 cuiusdam
1439 2648 1540 2685 libro
1565 2649 1612 2684 de
1637 2649 1715 2683 vila

69 2711 106 2748 S.
141 2712 348 2748 Dominici
387 2722 483 2747 usus
522 2713 588 2756 est,
633 2712 838 2757 praecipue
881 2721 966 2756 cap.
1000 2709 1089 2753 XX,·
1136 2709 1212 2744 vid.
1246 2708 1326 2743 Act.
1358 2707 1600 2743 Sanctorum
1643 2705 1716 2740 sub

70 2769 132 2805 die
162 2769 226 2805 IV.
258 2769 429 2814 Auyusti
458 2780 495 2814 p.
521 2768 598 2805 545
630 2779 713 2815 sqq.
776 2766 1045 2814 Sequentfflm,
1080 2777 1128 2802 ex
1159 2776 1239 2812 qua
1272 2774 1409 2800 versus
1440 2763 1505 2799 hic
1537 2762 1715 2808 affertur,

71 2826 181 2872 apud
197 2826 345 2861 Dreves
370 2825 410 2861 i1z
429 2826 632 2861 Analectis
650 2824 865 2871 Hymnicis
898 2824 1081 2860 inuenire
1112 2834 1194 2858 non
1226 2821 1350 2868 potui.
1416 2821 1449 2856 6.
1469 2820 1716 2856 Uxamensis

70 2881 147 2931 (vel
177 2881 438 2930 Oxamensis)
471 2882 632 2928 scripsi,
680 2882 928 2918 Oxomensis
962 2880 1058 2916 Acta
1090 2880 1352 2922 Sa1zctorum3
1401 2877 1650 2913 Oxoniensis
1684 2876 1716 2912 C

71 2938 245 2988 (Arnas).
322 2940 526 2975 dioecesis
552 2941 602 2975 Μ.
668 2940 727 2975 10.
760 2939 980 2982 hereticos,
1013 2938 1035 2973 i.
1061 2949 1089 2974 e.
1117 2936 1370 2983 Albiyense33
1404 2935 1562 2971 Fanum
1586 2933 1715 2977 Jouis,

73 2996 191 3034 hodie
223 2995 439 3045 Fanjeaux
466 3007 594 3046 prope
627 2996 929 3037 carcassonem.

1740 974 1780 1004 10

1742 1337 1781 1368 15

1741 1702 1782 1732 20

1741 2087 1783 2117 25
