2242 3551
332 325 405 356 Fol.
421 320 490 356 38‘.

446 984 487 1015 10

446 1349 487 1380 15

444 1716 488 1746 20

445 2169 488 2199 25

446 2569 489 2600 30

517 193 600 234 242
860 204 1137 233 SCRIPTORES
1170 203 1399 233 HISTORIAE
1431 204 1843 234 DANICAE-MINORES

516 319 651 359 nobis
679 318 800 359 sedis
816 316 828 372 ΙΙ
844 318 1094 372 apostolice
1127 305 1318 373 (qratia)
1351 319 1573 360 libertatis
1598 322 1640 360 et
1662 319 1925 359 emunitatis
1951 319 2175 363 beneficio

515 391 811 445 paruipenso,
854 391 1039 444 exigens
1069 392 1128 433 ab
1160 392 1326 432 abbate
1360 396 1401 433 et
1432 392 1545 446 ipsis
1577 391 1797 432 fratribus
1829 393 2175 446 procurationes

514 464 744 505 indebitas
784 468 827 505 et
866 465 1070 506 insuetas
1110 468 1164 515 et,
1212 466 1315 518 hoc,
1363 466 1488 519 quod
1528 464 1666 519 pecijt
1703 464 1918 517 indebite,
1966 478 2059 506 non
2102 467 2176 513 adg-

514 538 672 590 misso,
720 538 765 577 in
804 538 959 591 ipsum
1003 537 1220 579 abbatem
1253 542 1295 579 et
1326 542 1474 579 totum
1509 538 1647 579 simul
1681 542 1965 579 conuentum
1999 551 2176 580 excom·
2231 569 2232 575 ,

515 611 844 651 municationis
891 610 1125 652 sentencia
1171 611 1290 663 iure,
1337 624 1429 665 quo
1478 611 1647 664 potuit,
1694 610 1939 652 fulminata
1983 612 2176 659 domum

514 683 685 724 dictam
725 687 903 724 armata
943 696 1086 724 manu
1126 696 1220 724 non
1262 688 1311 724 ut
1343 684 1591 737 episcopus
1633 684 1712 724 sed
1755 687 1804 724 ut
1844 684 1990 724 hostis
2027 688 2176 726 trucu-

514 758 665 798 lentus
710 756 944 809 ingressus
991 757 1239 798 domorum
1286 756 1439 798 hostia
1485 756 1616 809 fregit
1662 760 1704 797 et
1750 756 1962 810 rapinam
2005 757 2176 799 ibidem

513 830 715 871 exercuit
741 830 859 870 sicut
883 830 1039 883 predo.
1089 830 1232 870 Porro
1266 842 1351 870 nec
1382 829 1500 870 dicte
1533 830 1702 870 domus
1734 830 1946 882 grangias
1976 831 2176 884 pepercit

514 903 654 944 simili
686 903 916 944 uiolencia
948 902 1149 955 uisitare,
1190 914 1442 943 conuersos
1474 902 1747 943 uerberibus
1779 903 1966 944 affectos
2000 908 2042 944 et
2073 917 2175 945 con-

515 976 694 1017 strictos
742 975 942 1016 uinculis
986 988 1070 1029 pro
1109 988 1192 1016 suo
1232 975 1364 1016 libitu
1409 975 1699 1027 abducendo,
1747 980 1789 1016 et
1834 975 1999 1016 ablatis
2047 976 2174 1030 equis

513 1049 744 1102 rebusque
785 1049 886 1102 alijs
930 1048 1212 1089 monasterio
1252 1048 1298 1088 in
1339 1049 1429 1089 hoc
1461 1048 1581 1089 facto
1614 1048 1870 1101 dampnum
1906 1061 2000 1089 non
2034 1049 2175 1097 modi·
2234 1071 2235 1076 =

514 1135 620 1163 cum
660 1121 913 1163 inferendo.
978 1122 1187 1162 Preterea
1234 1122 1352 1162 duos
1399 1122 1656 1162 monachos
1704 1133 1809 1174 sepe
1851 1121 1968 1162 dicte
2008 1123 2173 1169 domus

514 1208 621 1237 cum
669 1195 800 1249 equis
842 1199 885 1236 et
922 1195 1062 1235 rebus
1103 1194 1219 1247 alijs‚
1267 1207 1355 1248 que
1394 1207 1487 1235 non
1528 1193 1662 1248 parui
1709 1194 1846 1248 precij
1890 1194 2172 1248 estimantur,

513 1268 666 1309 furore
707 1272 837 1309 actus
877 1267 1108 1309 diabolico
1150 1267 1417 1321 captiuauit‚
1465 1267 1665 1308 uinculis
1707 1280 1784 1308 eos
1823 1267 2056 1309 atrocibus
2089 1270 2172 1310 sub

514 1341 694 1382 diutina
741 1341 940 1394 squalidi
989 1340 1184 1381 carceris
1231 1340 1440 1381 custodia
1487 1339 1858 1392 constringendo.
1950 1342 2018 1382 Ad
2075 1356 2174 1396 pro-

514 1414 723 1455 bandum
765 1418 919 1454 autem
961 1414 1045 1454 hec
1086 1414 1244 1454 onmia
1287 1418 1329 1454 et
1361 1414 1506 1454 multa
1538 1413 1642 1465 alia,
1690 1427 1779 1467 que
1818 1414 2031 1455 breuitati
2070 1428 2172 1456 con-

515 1487 710 1528 sulendo
763 1486 1041 1538 omittimus,
1104 1491 1263 1527 contra
1317 1486 1471 1540 ipsum
1527 1486 1834 1527 instrumenta
1892 1488 2026 1528 nobis
2080 1502 2171 1530 non

514 1561 708 1601 deerunt
753 1573 902 1614 neque
949 1563 1098 1600 testes.
1188 1559 1481 1613 Quapropter
1533 1559 1801 1600 dulcissime
1847 1560 1983 1602 nobis
2030 1566 2172 1615 pater·
2233 1550 2234 1554 ¹

514 1633 645 1673 nitati
692 1636 841 1673 uestre
886 1645 1044 1686 preces
1083 1632 1322 1673 offerimus
1360 1632 1408 1672 in
1447 1644 1711 1684 commune,
1757 1633 1977 1686 quatinus
2015 1639 2171 1675 contra
2233 1654 2234 1657 ¹

515 1706 689 1746 dictum
723 1705 993 1759 episcopum
1026 1709 1149 1745 tante
1183 1705 1364 1746 malicie
1396 1708 1676 1759 patratorem
1715 1709 1756 1746 et
1794 1705 1886 1746 iam
1919 1706 2170 1760 apostolica

515 1792 568 1819 ex
601 1779 700 1832 ipso
732 1778 853 1819 facto
887 1778 1118 1819 sentencia
1151 1778 1427 1819 innodatum
1459 1777 1538 1819 tali
1570 1790 1765 1819 censura
1798 1779 2043 1832 procedere
2073 1779 2170 1833 ipsa

515 1864 595 1905 per
640 1851 772 1892 illum
819 1851 1018 1903 irrogata
1065 1851 1216 1891 ordini
1263 1851 1470 1892 inaudita
1518 1851 1686 1892 iniuria
1733 1864 1814 1892 vos
1862 1852 2068 1905 inducat,
2115 1865 2169 1893 ne

515 1924 674 1964 ceteris
707 1924 845 1964 huius
875 1924 1086 1977 exemplo
1111 1928 1267 1965 contra
1295 1924 1472 1964 ordinis
1498 1936 1719 1977 personas
1744 1924 1967 1965 infrenate
1991 1925 2168 1966 malicie

516 2009 690 2037 cornua
723 1998 777 2037 de
811 2000 959 2037 cetero
992 2001 1303 2048 generentur«

775 2158 978 2208 (XXXIV.)
1039 2160 1274 2207 Rescriptio
1307 2160 1535 2197 cardinalis
1568 2161 1619 2197 ad
1653 2162 1913 2209 episcopum.

606 2229 932 2309 »Uenerabili
979 2268 1021 2305 et
1065 2265 1112 2305 in
1153 2264 1335 2306 Christo
1383 2251 1579 2319 <dilect0>
1626 2266 1743 2319 patri
1785 2266 1864 2318 .T.‚
1911 2266 1984 2307 dei
2029 2266 2169 2319 gratia

515 2338 733 2391 episcopo
780 2337 1038 2389 Arusiensi,
1097 2337 1235 2378 frater
1281 2337 1451 2390 Guido,
1506 2338 1801 2379 miseratione
1847 2339 2008 2380 diuina
2053 2338 2169 2379 tituli

516 2410 662 2452 sancti
711 2410 951 2463 Laurencij
1000 2410 1047 2450 in
1097 2410 1272 2450 Lucina
1320 2411 1542 2464 presbiter
1590 2410 1859 2463 cardinalis,
1921 2411 2169 2465 apostolice

517 2483 638 2524 sedis
669 2484 857 2535 legatus,
905 2483 1100 2523 salutem
1133 2483 1179 2523 in
1211 2483 1416 2524 domino.
1478 2484 1547 2524 Ad
1580 2484 1669 2524 hoc
1700 2484 1831 2524 unxit
1862 2496 1946 2525 uos
1979 2485 2092 2525 deus
2122 2484 2168 2524 in

517 2556 751 2597 Christum
785 2568 923 2595 suum
956 2559 998 2595 et
1030 2555 1214 2609 pretulit
1245 2556 1303 2596 ad
1337 2555 1558 2609 pontificij
1594 2556 1876 2608 dignitatem,
1919 2560 1967 2597 ut
2005 2556 2169 2597 odiatis

517 2627 778 2682 nequiciam
820 2631 861 2668 et
893 2627 1141 2681 equitatem
1174 2628 1349 2668 ametis.
1412 2628 1557 2680 Vnde,
1604 2629 1713 2682 quia
1755 2642 1809 2669 ex
1848 2629 1987 2669 unius
2025 2629 2168 2670 abiec-

515 2700 638 2742 tione
670 2714 724 2742 ac
756 2700 1075 2754 prosecutione
1107 2700 1296 2741 alterius
1328 2700 1464 2741 uobis
1496 2713 1754 2742 accrescere
1781 2701 1946 2755 poterit
1969 2701 1994 2755 †
2018 2705 2167 2743 texera

610 2837 641 2872 1.
658 2833 731 2881 gffi
748 2836 900 2872 addidi.
969 2836 1212 2873 emunitatis
1231 2835 1463 2883 Lanqebelc3
1495 2836 1763 2873 comunitatis
1781 2835 1845 2874 C3.
1908 2839 1971 2875 26.
1992 2838 2168 2875 Uenera-

516 2904 589 2939 bili
622 2907 661 2940 et
692 2905 734 2940 in
766 2895 788 2943 ἓξ
827 2904 949 2941 habet
979 2903 1050 2951 C83
1098 2905 1231 2951 itaque
1268 2905 1421 2941 dilecto
1462 2904 1612 2941 addidi.
1690 2906 1753 2942 29.
1794 2907 1912 2943 unxit
1952 2917 2026 2943 vos
2065 2907 2166 2943 deus

516 2964 602 3004 etc„
634 2960 703 3007 cfr.
738 2961 857 2998 Hebr.
890 2963 924 3007 1,
945 2963 978 2998 9.
1042 2962 1105 2998 32.
1138 2966 1278 2998 texera
1307 2973 1386 3008 pro
1418 2966 1577 2999 tessera
1609 2962 1761 2999 dictum
1789 2966 1911 3010 putat
1941 2963 2164 3009 Lanyebelc,

515 3018 584 3053 sed
615 3028 694 3053 vox
725 3018 844 3054 nihili
874 3021 948 3063 est‚·
998 3019 1037 3055 1¹11
1073 3019 1160 3065 [psa
1195 3019 1391 3056 Guidonis
1428 3020 1600 3066 epistula
1640 3020 1727 3056 sine
1765 3020 1888 3057 dubio
1927 3024 2095 3069 tesauro
2118 3034 2161 3052 z:

517 3075 741 3111 thesaurus
771 3075 858 3121 fuit.
