2242 3551
425 249 657 278 Exonva
692 249 968 278 MONASTERH
1002 249 1131 278 CARAE
1164 250 1336 278 INSVLAE
1626 238 1708 277 249

58 369 278 410 lauerunt.
328 366 430 415 Qua
463 362 770 416 appellatione
805 376 942 415 super
975 363 1096 404 dicto
1129 363 1399 416 grauamine
1433 366 1475 402 et
1499 362 1709 416 pluribus

57 440 154 494 alijs
200 439 446 492 pendente,
507 435 658 476 dictus
706 434 971 488 episcopus,
1032 448 1300 477 conuocans
1347 448 1533 486 omnes,
1595 448 1710 488 quos

57 515 241 568 poterat,
273 509 541 551 claustrales
571 512 613 548 et
638 508 879 554 seculares,
914 508 1105 549 clericos
1130 513 1171 549 et
1196 509 1351 560 laicos,
1385 509 1441 549 ad
1469 508 1709 549 ecclesiam

58 585 219 635 Dofrae,
266 595 354 637 que
397 580 587 622 ecclesia
629 585 695 621 est
742 579 938 621 uicinior
979 581 1185 633 abbacie,
1233 586 1276 622 et
1313 581 1502 632 ibidem,
1549 581 1709 621 ordine

55 657 165 699 iuris
211 654 519 710 pretermisso,
572 653 853 694 sentenciam
903 653 1399 694 excommunicationis
1447 653 1711 694 fulminauit

56 731 100 771 in
131 729 343 770 abbatem
378 731 420 768 et
452 730 735 767 conuentum
769 726 825 766 de
858 725 992 777 facto,
1039 738 1146 766 cum
1188 727 1244 766 de
1284 726 1382 766 iure
1416 739 1507 767 non
1542 730 1708 779 posset.

57 804 255 844 Postea
289 801 408 841 idem
439 799 685 853 episcopus
710 799 765 839 ad
796 798 1006 839 subditos
1031 798 1223 839 abbacie
1249 798 1430 839 uillicos
1454 802 1496 838 et
1519 799 1709 839 colonos

57 887 242 916 manum
276 886 409 914 suam
443 875 712 925 grauantem
747 871 872 911 misit
903 871 950 911 in
983 872 1109 912 hunc
1146 872 1362 912 modum:
1412 870 1534 924 quia,
1583 875 1710 924 quot-

55 959 232 1000 cunque
272 945 482 986 subditos
522 944 568 985 in
612 957 893 997 unaquaque
933 943 1043 984 uilla
1082 944 1275 985 abbacia
1324 943 1500 994 habuit,
1548 956 1710 984 omnes

54 1032 206 1062 coram
240 1032 286 1059 se
319 1022 360 1058 et
392 1017 672 1059 officialibus
706 1016 802 1056 suis
833 1016 880 1056 in
915 1030 1008 1057 uno
1041 1016 1113 1057 die
1146 1016 1305 1057 uenire
1337 1016 1456 1067 fecit,
1491 1016 1551 1056 ita
1584 1017 1707 1070 quod

54 1105 204 1134 coram
238 1104 332 1132 uno
364 1090 554 1132 officiali
586 1090 642 1130 de
675 1102 767 1130 una
801 1089 926 1141 uilla,
974 1093 1016 1130 et
1058 1101 1215 1130 coram
1250 1088 1341 1129 alio
1374 1090 1429 1129 de
1461 1088 1550 1129 alia
1584 1089 1709 1138 uilla,

53 1169 94 1205 et
131 1177 284 1206 coram
323 1163 464 1205 tercio
505 1162 694 1203 officiali
736 1163 791 1203 de
838 1162 977 1203 tercia
1024 1162 1149 1214 uilla,
1197 1165 1239 1201 et
1286 1161 1352 1202 sic
1397 1161 1614 1214 deinceps
1662 1161 1708 1201 in

53 1237 267 1279 omnibus
307 1235 430 1276 uillis
471 1235 678 1287 abbacie,
725 1234 899 1275 subditi
947 1247 1103 1276 coram
1152 1234 1346 1287 singulis
1387 1234 1620 1275 iudicibus
1663 1233 1708 1274 in

53 1309 240 1362 singulis
295 1309 407 1350 locis
461 1308 723 1349 constitutis
778 1307 949 1348 iudicio
1004 1307 1269 1348 assisterent
1320 1311 1362 1348 et
1416 1307 1472 1347 ad
1530 1306 1707 1347 obiecta

51 1382 400 1436 responderent3
454 1384 497 1422 et
541 1393 649 1421 cum
702 1379 954 1434 unicuique
1001 1380 1294 1421 subditorum
1343 1379 1709 1432 uniuscuiusque

52 1455 157 1496 uille
194 1455 493 1508 inponeretur
532 1453 745 1507 specialis
784 1465 923 1494 causa
967 1466 990 1493 a
1031 1453 1181 1494 iudice
1224 1466 1277 1493 ex
1318 1457 1445 1506 parte
1488 1451 1706 1505 episcopi,

52 1532 93 1569 et
124 1531 363 1580 negaretur
394 1527 452 1568 ab
485 1539 769 1580 unoquoque
810 1526 996 1567 subdito
1035 1527 1138 1567 loco
1181 1526 1244 1566 rei
1286 1526 1535 1567 constituto
1568 1538 1706 1565 causa

53 1600 137 1641 sibi
176 1600 398 1654 inputata,
444 1599 583 1640 iudex
621 1598 787 1639 indixit
826 1599 1076 1653 unicuique
1116 1600 1171 1640 de
1218 1612 1310 1640 una
1353 1599 1462 1639 uilla
1507 1599 1705 1638 eundem

52 1673 169 1714 diem
203 1674 258 1714 ad
293 1686 339 1713 se
373 1673 666 1726 purgandum
699 1685 804 1712 cum
839 1672 1086 1713 duodecim
1116 1672 1282 1712 uicinis
1309 1671 1405 1712 suis
1430 1671 1474 1711 in
1502 1670 1707 1712 remotis-

52 1746 215 1786 simam
256 1749 429 1799 partem
475 1745 782 1798 episcopatus,
830 1745 891 1785 ita
930 1749 979 1785 ut
1018 1745 1097 1785 uni
1140 1745 1327 1785 illorum
1369 1745 1426 1785 ad
1468 1744 1708 1792 orientem,

51 1809 124 1872 alij
164 1820 220 1859 ad
260 1818 562 1870 occidentem,
609 1817 683 1870 alij
725 1818 781 1858 ad
821 1817 1103 1871 aquilonem,
1150 1817 1224 1871 alij
1275 1818 1332 1858 ad
1373 1821 1615 1858 austrum.
1647 1850 1653 1856 .
1686 1849 1708 1867 .,

51 1891 208 1944 itaque,
241 1892 365 1945 quod
399 1904 580 1944 semper
611 1891 728 1931 inter
760 1891 877 1931 duos
910 1895 951 1931 et
984 1891 1102 1932 duos
1135 1890 1314 1932 uicinos
1347 1894 1465 1931 esset
1497 1889 1707 1943 spacium

53 1964 188 2005 unius
219 1964 335 2005 diete
369 1964 443 2004 uel
475 1964 598 2017 plus:
649 1966 711 2015 ut,
755 1975 862 2003 cum
896 1963 1089 2017 quilibet
1120 1963 1305 2004 deberet
1338 1975 1384 2003 se
1416 1975 1497 2016 per
1529 1961 1709 2002 uicinos

53 2049 157 2077 suos
190 2047 398 2089 purgare,
430 2040 472 2077 et
504 2049 666 2077 omnes
699 2036 842 2076 uicini
866 2036 945 2076 tali
970 2036 1349 2089 sophisticatione
1375 2039 1417 2076 et
1439 2034 1709 2088 deceptione

53 2112 199 2149 essent
236 2109 291 2149 de
331 2108 599 2150 necessitate
638 2108 685 2149 in
725 2108 922 2149 diuersis
962 2109 1076 2150 locis
1122 2109 1263 2149 modo
1307 2108 1513 2162 predicto
1561 2107 1707 2160 predi-

1737 661 1756 690 5

1740 1024 1779 1054 10

1738 1388 1778 1418 15

1734 1752 1777 1783 20

1734 2113 1776 2144 25

53 2181 288 2233 stantibus,
323 2180 390 2234 [et]
418 2181 483 2222 sic
507 2194 667 2222 omnes
694 2181 851 2222 miseri
878 2181 1051 2222 subditi
1075 2181 1268 2222 abbacie
1292 2195 1316 2222 a
1341 2181 1411 2222 sui
1435 2180 1707 2234 purgatione
1730 2171 1732 2175 ’

52 2264 129 2305 per
172 2253 309 2294 talem
356 2253 671 2307 deceptionem
715 2251 1012 2308 defecellrunt3
1060 2258 1245 2308 propter
1291 2267 1425 2307 quem
1473 2253 1700 2294 defectum

52 2336 209 2366 omnes
247 2329 311 2367 rei
351 2339 488 2367 cause
531 2326 617 2367 sibi
651 2327 858 2380 inputate
901 2326 968 2379 [et]
1011 2327 1265 2380 culpabiles
1304 2326 1576 2367 auctoritate
1616 2324 1706 2377 epi-

53 2397 176 2450 scopi
213 2403 319 2439 sunt
356 2399 546 2439 iudicati
587 2402 630 2439 et
669 2412 751 2452 pro
792 2399 932 2439 modo
971 2399 1138 2450 delicti,
1186 2385 1332 2453 (cum)
1380 2411 1459 2452 per
1506 2397 1705 2437 iudicem

53 2469 264 2511 declarati
303 2476 454 2512 essent
494 2471 727 2525 episcopo,
773 2472 830 2512 ad
873 2471 1056 2512 libitum
1089 2485 1169 2512 sue
1204 2471 1456 2512 uoluntatis
1488 2471 1546 2511 ad
1580 2469 1705 2510 satis-

53 2540 293 2584 factionem
327 2544 669 2597 condempnati.
735 2545 790 2584 Et
830 2544 895 2585 sic
937 2548 1096 2585 contra
1137 2557 1298 2585 omnes
1339 2544 1453 2584 alios
1494 2542 1705 2584 subditos

136 2661 170 2696 4.
202 2654 242 2697 et
265 2661 400 2698 abesse
423 2661 568 2698 debuit.
632 2663 694 2698 17.
720 2668 767 2698 ca
791 2661 829 2711 (ι’.
856 2673 884 2699 e.
909 2662 1053 2710 causa)
1082 2661 1311 2709 Lanyebelc3
1344 2668 1393 2698 οῇ
1418 2661 1483 2710 (z
1499 2659 1611 2709 cum)
1640 2659 1703 2697 CS.

54 2716 228 2755 21—22.
274 2721 367 2765 post
404 2722 608 2764 austrum,
647 2720 682 2755 si
715 2720 786 2756 uni
813 2750 844 2755 ..
869 2720 936 2767 alij
979 2720 1109 2756 datiui
1148 2722 1254 2765 sunt,
1303 2722 1413 2755 esset
1450 2718 1703 2755 veniendum

53 2773 268 2811 desiderari
293 2776 460 2822 videtur,
493 2776 696 2824 simulque
720 2778 861 2825 itaque
892 2776 957 2826 (z
974 2781 1013 2813 et
1038 2776 1110 2823 ita)
1139 2789 1214 2824 pro
1243 2777 1328 2813 solo
1354 2777 1408 2812 ita
1434 2775 1704 2812 scribendum.

56 2829 233 2868 Ceterum
258 2834 379 2869 etiam
408 2833 448 2869 in
473 2833 808 2880 subsequentibus
832 2835 962 2871 oratio
991 2835 1098 2871 mule
1128 2834 1387 2880 conformata
1421 2836 1496 2877 est;
1527 2844 1627 2869 num
1662 2836 1707 2868 ut

56 2886 93 2923 ἰη
120 2898 150 2924 v.
175 2889 226 2925 23
253 2901 345 2926 cum
373 2890 490 2927 verbo
515 2885 761 2928 defecerunt
786 2892 1270 2938 (1›.27)coniunyendum
1300 2891 1458 2927 videtur
1479 2889 1531 2939 (el
1554 2890 1706 2926 indica-

56 2944 155 2981 tivus
182 2957 258 2992 pro
290 2948 518 2984 deficerent
550 2949 591 2984 ἰη
623 2950 818 2985 sententia
851 2949 1104 2986 consecutiva
1135 2949 1236 2995 ferri
1264 2946 1427 2995 potest),
1470 2947 1550 2991 sed,
1585 2948 1620 2983 si
1651 2947 1704 2983 ita

54 3003 119 3046 est,
151 3006 190 3039 et
222 3004 263 3040 in
296 3016 327 3041 υ.
360 3004 413 3040 26
444 3007 539 3041 ante
569 3006 630 3041 sic
661 3005 798 3042 abesse
827 3005 973 3043 debuit.
1045 3007 1107 3042 23.
1143 3007 1251 3041 dieta
1275 3020 1316 3036 z
1342 3005 1420 3041 iter
1452 3005 1578 3041 unius
1611 3005 1702 3040 diei.

56 3057 117 3095 25.
151 3061 481 3106 predistantibus
502 3076 546 3094 =
570 3063 689 3098 valde
722 3064 989 3100 distantibus.
1054 3064 1116 3099 27.
1150 3074 1274 3109 quem
1311 3061 1543 3107 Lanyebelc3
1575 3073 1703 3108 quarn

57 3115 150 3160 (per
177 3120 481 3165 compendium)
517 3118 580 3156 CS.
645 3121 707 3156 28.
741 3125 780 3156 et
811 3121 1028 3157 delendum
1060 3123 1155 3157 erut.
1218 3121 1282 3155 29.
1318 3130 1412 3155 cum
1447 3119 1598 3155 addidi.

1732 2259 1805 2290 Fol.
1822 2255 1890 2290 40¹.

1732 2473 1774 2504 30
