2242 3551
438 1018 479 1050 10

438 1382 478 1412 15

437 1746 480 1776 20

505 232 589 272 468
851 238 1128 268 SCRIPTORES
1161 238 1389 267 HISTORIAE
1422 238 1599 266 DANICAE
1632 237 1832 267 M1NoREs

506 358 709 398 candum
741 355 788 394 in
822 353 1040 403 ecclesiis,
1074 356 1136 405 ut,
1170 353 1294 405 quod
1328 352 1421 392 iam
1454 352 1590 405 pauci
1620 356 1932 405 perceperant,
1965 353 2167 393 clamore

507 428 742 482 publicato
790 427 846 466 ad
895 439 1029 466 aures
1078 425 1204 477 uulgi
1246 426 1525 478 procederet.
1589 425 1725 475 Quod
1773 429 1816 466 et
1861 425 2033 466 factum
2082 429 2165 465 est:

506 500 806 555 spargebatur
852 498 899 538 in
946 510 1053 547 agro
1100 498 1173 538 dei
1220 511 1378 539 semen
1424 497 1735 549 fructiferum,
1787 501 1828 537 et
1875 497 2167 550 multiplicati

506 578 625 624 sunt,
673 572 752 626 qui
799 571 1047 612 deuotione
1093 574 1249 611 sancta
1297 573 1510 611 sanctum
1558 570 1849 623 propositum
1897 570 2019 610 uirili
2064 582 2168 610 con-

506 645 672 687 stantia
719 647 994 697 rapuerunt,
1056 644 1164 697 quia
1215 647 1421 696 cregnum
1477 642 1683 683 celorum
1730 642 1827 683 uim
1874 643 2063 696 patitur,
2125 646 2168 683 et

505 717 697 759 uiolenti
744 716 970 769 diripiunt
1010 716 1149 757 illud'.
1213 715 1498 769 Supradictis
1537 719 1691 756 autem
1732 715 1845 755 uiris
1887 715 2166 769 quindecim,

505 791 583 845 qui
636 789 777 830 huius
830 789 1001 841 negotii
1059 789 1340 830 uidebantur
1395 789 1673 829 emulatores
1727 788 1995 829 feruentiori
2055 788 2167 839 zelo,

504 861 769 904 huiusmodi
811 865 906 902 erat
945 875 1129 902 summa
1171 861 1368 913 consilii,
1417 865 1464 900 ut
1495 860 1700 914 piraticis
1733 861 2008 901 constructis
2041 860 2168 901 naui-

504 936 605 987 bus,
639 948 754 989 quas
784 935 1004 975 ‘sneckas⁷
1039 935 1345 988 appellamus,
1377 947 1466 988 que
1499 933 1699 974 ferendis
1731 934 1963 974 alimentis
1995 933 2168 985 magni-

505 1009 666 1048 tudine
713 1020 766 1048 ac
813 1007 1030 1047 firmitate
1076 1007 1226 1048 forent
1268 1007 1447 1056 idonee,
1495 1019 1702 1059 quasque
1750 1007 1888 1047 etiam
1936 1005 2166 1046 artificum

505 1081 740 1133 diligentia
780 1084 875 1120 tam
918 1079 1066 1120 solida
1109 1079 1513 1132 compaginatione
1546 1079 1923 1131 constringerent,
1971 1083 2020 1119 ut
2060 1091 2168 1118 uen-

504 1158 658 1195 torum
682 1153 1027 1194 inclementiam
1055 1157 1097 1193 et
1121 1153 1347 1205 procellas
1374 1153 1607 1192 undarum
1635 1151 1860 1192 irruentes
1892 1152 2166 1192 inconcusse

504 1226 795 1279 repellerent,
843 1211 943 1278 <iter
989 1211 1263 1278 arriperent).
1350 1225 1508 1278 Neque
1554 1225 1643 1265 hoc
1690 1224 1872 1264 silentio
1918 1225 2167 1276 tegendum

505 1298 716 1348 arbitror,
760 1298 883 1351 quod
926 1297 1118 1351 predicti
1160 1298 1249 1337 uiri
1281 1310 1350 1337 xv,
1386 1297 1725 1337 solemnitatem
1758 1297 1854 1337 uoti
1888 1296 2167 1337 sanctissimi

507 1374 796 1411 sacramento
829 1370 1099 1423 interposito
1130 1370 1238 1410 fidei
1271 1374 1313 1410 et
1344 1370 1605 1409 iuramento
1638 1370 1900 1410 firmabant.
1954 1370 2166 1410 Attamen

506 1443 768 1495 malignitas
793 1443 939 1483 hostis
965 1443 1156 1496 antiqui,
1183 1456 1271 1496 que
1298 1455 1479 1495 semper
1504 1442 1640 1482 bonis
1665 1442 1884 1495 operibus
1909 1442 2167 1493 insidiatur,

507 1520 555 1555 ut
587 1519 787 1568 pereant,
835 1528 929 1556 non
969 1528 1106 1568 passa
1145 1520 1210 1555 est
1247 1515 1553 1566 integritatem
1586 1518 1680 1554 tam
1713 1514 1952 1568 prudentis
1985 1514 2167 1555 consilii

507 1589 564 1628 ad
597 1587 804 1628 utilitatis
837 1592 991 1628 actum
1025 1589 1284 1640 procedere.
1347 1587 1555 1639 Videbat,
1603 1591 1652 1627 ut
1690 1588 1868 1639 estimo,
1916 1582 2166 1627 subtilitate

508 1664 683 1712 nature,
731 1672 871 1713 quam
913 1664 1017 1713 post
1057 1673 1214 1701 casum
1258 1660 1432 1713 perdite
1475 1664 1638 1700 nature
1685 1673 1778 1700 non
1826 1660 1994 1712 amisit,
2041 1661 2166 1713 quod

506 1733 725 1785 prodesse
757 1732 871 1773 forte
904 1732 1141 1785 potuisset,
1188 1733 1225 1772 si
1258 1732 1549 1785 propositum
1581 1732 1704 1772 istud
1736 1737 1921 1786 ceptum
1954 1746 2167 1774 consum-

508 1808 727 1844 maretur:
791 1805 1025 1858 separauit
1072 1819 1149 1846 eos
1196 1805 1460 1845 abinuicem
1507 1806 1689 1858 procul,
1753 1810 1794 1846 et
1847 1806 1936 1846 fide
1990 1806 2165 1859 prodita

507 1878 735 1930 quosdam
768 1878 794 1928 †
826 1890 965 1930 eques
998 1891 1241 1932 nunquam
1273 1891 1542 1918 reuersuros
1574 1878 1737 1930 abegit,
1779 1879 2023 1933 quosdam,
2062 1879 2166 1918 hac-

506 1953 640 1990 tenus
674 1950 769 1990 uoti
802 1963 917 2001 reOS,
965 1963 1022 1991 ne
1055 1950 1165 2003 quid
1204 1950 1477 1990 huiusmodi
1514 1950 1729 2002 facerent,
1776 1950 2031 2004 impediuit.
2098 1951 2166 1990 llli

507 2026 675 2074 autem,
722 2022 802 2076 qui
842 2022 1061 2064 uirtutem
1102 2024 1223 2064 hanc
1264 2023 1421 2063 animo
1468 2023 1692 2063 diuinitus
1739 2023 2011 2076 inspiratam
2057 2035 2164 2063 con-

464 2110 475 2118 *
508 2099 735 2147 ceperant,
782 2095 886 2135 licet
925 2096 1017 2135 iam
1059 2095 1302 2148 pauciores
1342 2095 1490 2135 effecti
1530 2108 1739 2147 numero,
1787 2109 1927 2148 quam
1966 2095 2164 2147 fuerunt,

508 2167 816 2207 constantiam
849 2168 946 2208 uoti
969 2168 1185 2208 felicioris
1212 2172 1448 2208 seruantes
1475 2172 1637 2208 mutuo
1660 2181 1706 2208 se
1730 2168 1856 2221 ipsos
1879 2168 2164 2220 animabant,

509 2243 551 2279 et
583 2240 715 2292 quasi
748 2253 895 2293 pauca
929 2240 1039 2280 boni
1073 2240 1263 2280 seminis
1301 2252 1443 2292 grana
1482 2242 1529 2280 in
1569 2252 1731 2292 agrum
1772 2240 1964 2280 fertilem
2005 2253 2164 2293 sparsa

510 2325 667 2351 rursus
707 2325 908 2353 crescere
949 2317 990 2353 et
1030 2312 1343 2365 multiplicari,
1390 2313 1581 2354 domino
1629 2314 1765 2353 dante
1811 2313 2163 2364 incrementum,

596 2456 630 2490 1.
669 2456 753 2491 iam
793 2456 840 2501 Ο7
886 2457 955 2492 sed
994 2455 1138 2493 seribd.
1184 2457 1259 2492 vid.
1298 2460 1618 2493 tffiztantum.
1695 2457 1729 2493 3.
1771 2456 2051 2502 multiplicata
2092 2456 2163 2492 MS

506 2512 789 2559 ¹(multiplicati
822 2517 920 2549 sunt
951 2513 1099 2560 soepius
1132 2514 1174 2549 in
1211 2513 1406 2560 Vulgata).
1480 2515 1515 2550 4.
1550 2517 1695 2550 sancta
1727 2513 1820 2559 (sc—a)
1853 2513 2016 2559 scripsi,
2055 2513 2163 2549 facta

508 2568 603 2614 <fc—a)
622 2570 670 2606 Ο.
732 2571 767 2607 5.
785 2580 959 2617 regnum
978 2571 1169 2607 celorum
1195 2574 1286 2607 etc:
1319 2570 1462 2607 Matth.
1484 2571 1546 2616 11,
1564 2571 1624 2607 12.
1687 2571 1722 2608 8.
1743 2571 1989 2607 huiusmodi
2020 2571 2165 2616 scripsi

507 2627 707 2675 22:11ec)3
751 2629 880 2664 huiUs
913 2629 948 2663 Ο
981 2628 1176 2673 (izeylecta
1209 2629 1352 2664 ultima
1381 2629 1499 2674 purte
1530 2628 1637 2663 soliti
1667 2628 1923 2674 compendii).
1990 2628 2051 2664 13.
2085 2628 2164 2663 iter

461 2684 467 2688 ‘
510 2683 748 2730 arriperent
785 2687 858 2720 aut
886 2685 1018 2721 simile
1049 2683 1212 2731 aliquid
1240 2685 1434 2721 excidisse
1466 2687 1646 2731 apparet.
1728 2686 1789 2721 15.
1821 2685 2083 2731 interpositae
2115 2685 2163 2729 O,

510 2741 676 2777 correxi.
742 2742 918 2778 18—19.
956 2742 1186 2778 subtilitate
1219 2746 1367 2778 nature
1400 2745 1494 2780 etc:
1530 2744 1674 2778 auctor
1702 2742 1899 2788 eoyitasse
1930 2742 2088 2777 videtur
2115 2742 2164 2777 de

510 2798 595 2832 loeo
616 2798 750 2835 Genes.
771 2798 808 2843 3,
830 2800 861 2836 1.
924 2800 986 2835 21.
1006 2800 1270 2845 separauit..
1291 2799 1457 2846 procul:
1492 2799 1647 2835 Daniel.
1669 2799 1796 2843 13,51
1824 2798 1981 2843 (Matth.
2000 2800 2063 2842 25,
2083 2798 2162 2843 32).

510 2855 677 2898 prodita
709 2856 871 2902 scripsi,
902 2856 1067 2902 perdita
1091 2856 1138 2893 Ο.
1199 2857 1266 2892 22.
1300 2867 1429 2902 eques
1457 2858 1491 2892 Ο
1524 2857 1727 2902 corrupte3
1761 2856 1923 2902 equites
1954 2867 2056 2892 corr.
2092 2854 2162 2900 ΜΞ,

509 2911 579 2946 sed
624 2911 666 2947 in
713 2923 843 2958 mary.
888 2916 1089 2949 com-ector
1137 2924 1178 2949 se
1227 2913 1278 2949 ab
1323 2913 1401 2949 hac
1446 2913 1676 2949 coniectura
1723 2914 1948 2958 reuocauil3
2008 2924 2056 2948 ex
2102 2913 2161 2948 eis

510 2967 748 3014 eonieeitK,
779 2970 1019 3006 crediderim
1048 2971 1186 3016 potius
1215 2972 1454 3016 corruptum
1487 2980 1569 3005 esse
1594 2981 1644 3006 ecc
1665 2974 1911 3016 eouetuze
1935 2972 2160 3005 conuentu.

512 3024 575 3060 28.
609 3036 798 3061 crescere
831 3030 870 3062 et
902 3027 1191 3074 multiplicari:
1227 3027 1362 3063 Genes.
1398 3027 1597 3073 1‚22.28.
