2242 3551
480 191 533 229 90
820 199 1094 227 SCRIPTORES
1127 199 1352 227 fflSToRlAE
1385 198 1560 226 DAN1CAE
1592 198 1791 225 MINORES

594 314 801 354 Tandem
835 312 1045 353 decessit:
1080 313 1135 352 ad
1170 312 1329 352 mortis
1361 312 1536 365 spicula
1569 310 1721 360 eessit3

596 386 739 427 Cessit
770 390 811 426 et
843 385 1071 435 abscessit,
1104 385 1214 424 dum
1248 398 1372 425 mors
1404 398 1486 425 sua
1520 384 1661 437 prelia
1693 383 1839 435 gessit.

597 459 716 499 Hinc
747 471 826 498 vos
860 458 1119 510 prudentes,
1152 457 1313 497 mundi
1346 471 1426 498 vos
1458 457 1628 510 quique
1662 460 1880 509 potentes,

597 532 692 571 Hec
722 531 821 571 loca
854 529 1050 570 visentes
1084 533 1254 569 vestras
1286 529 1497 570 adducite
1530 532 1722 569 mentes:

528 611 568 641 10
595 604 758 655 Omne,
792 603 915 657 quod
948 606 1013 642 est
1045 605 1218 653 natum,
1259 601 1463 655 sequitur
1495 614 1634 654 quam
1668 601 1817 641 flebile
1847 601 2007 642 fatum.

564 724 794 760 Adnotatio.
859 725 891 760 7.
933 724 1113 760 abcessit
1158 723 1203 759 C.
1296 723 1331 759 8.
1374 723 1532 769 quique
1555 738 1598 752 z
1622 733 1777 758 omnes.
1866 724 1900 758 9.
1943 725 2122 757 mentem

480 782 690 817 adducere
728 792 805 827 pro
851 793 894 817 eo
940 781 1047 827 quod
1092 782 1148 816 esi
1192 780 1528 816 animaduertere
1575 780 1635 815 vel
1681 783 1860 815 mentem
1904 780 2123 815 aduertere

480 839 675 884 (adicere)
707 840 849 874 auctor
877 838 1026 874 dixisse
1057 838 1222 874 videtur.
1288 838 1348 873 10.
1381 848 1506 883 quam
1540 837 1677 872 flebile
1700 851 1743 868 z
1768 837 1887 873 valde
1920 837 2066 872 flebile.

728 1166 804 1208 Vb.
854 1166 1168 1219 Epitaphium
1203 1165 1399 1216 Kanuti,
1431 1165 1738 1206 Waldemari
1771 1165 1875 1207 filii.

669 1272 754 1312 Hic
784 1286 863 1312 rex
897 1272 1117 1322 Kanutus,
1151 1274 1324 1323 patrem
1359 1270 1455 1310 sine
1486 1270 1589 1317 labe
1621 1273 1855 1323 sequutus,

667 1346 723 1384 Vt
754 1345 867 1385 cinis
900 1348 966 1384 est
997 1344 1155 1393 factus,
1189 1343 1234 1382 in
1266 1347 1435 1382 terram
1467 1346 1584 1382 terra
1616 1342 1839 1382 redactus.

668 1416 867 1469 Corpore
900 1428 1129 1468 procerus,
1165 1415 1409 1461 formosus
1442 1400 1594 1467 <corne
1624 1398 1842 1466 se>uerus,

669 1489 852 1529 Iusticia
886 1489 1062 1542 plenus,
1096 1487 1222 1528 omni
1254 1487 1419 1528 virtute
1451 1499 1652 1537 serenus,

621 1568 640 1599 5
667 1562 723 1602 Vt
755 1574 855 1602 mea
887 1561 1093 1614 profatur
1125 1560 1362 1613 scriptura,
1395 1559 1535 1599 fuisse
1567 1559 1798 1612 probatur.

668 1634 816 1674 Fortis
848 1633 924 1674 hic
954 1633 1001 1673 in
1033 1633 1167 1685 bello,
1199 1645 1336 1686 quem
1369 1645 1506 1683 mors,
1538 1643 1749 1683 aygressa
1780 1631 1947 1682 duello,

667 1707 723 1746 Vt
755 1706 936 1757 signum
969 1705 1124 1745 statuit
1156 1709 1198 1745 et
1228 1708 1507 1758 prostratum
1540 1703 1778 1756 iugulauit.

670 1779 792 1818 Mors
824 1778 937 1818 nulli
970 1781 1133 1830 parcet,
1167 1790 1254 1830 que
1287 1776 1551 1828 strangulat,
1584 1779 1755 1827 enecat,
1788 1780 1920 1816 arcet.

669 1851 764 1891 Hec
795 1850 1057 1904 quicunque
1090 1850 1213 1901 legis,
1245 1851 1357 1890 dum
1390 1850 1540 1889 carnis
1572 1860 1751 1889 carcere
1783 1848 1921 1900 degis,

602 1931 641 1961 10
669 1924 803 1974 Quod
836 1922 999 1962 similis
1031 1926 1166 1963 vento
1198 1926 1275 1962 tua
1306 1922 1398 1963 vita
1431 1922 1500 1973 sit,
1533 1932 1636 1973 ergo
1671 1923 1924 1961 memento!

567 2051 795 2088 Adnotatio.
844 2052 878 2087 2.
910 2051 951 2086 in
985 2054 1139 2086 terram
1174 2053 1283 2085 terra
1316 2051 1527 2086 redactus:
1559 2050 1629 2097 cfr.
1652 2051 1811 2087 Genesis
1829 2049 1863 2095 3,
1883 2049 1956 2086 19:
1990 2049 2125 2085 donec

484 2110 709 2145 reuertaris
750 2110 791 2144 in
830 2113 998 2152 terram,
1044 2108 1093 2143 de
1133 2119 1215 2153 qua
1256 2111 1450 2154 sumptus
1492 2119 1553 2153 es;
1600 2109 1699 2155 quia
1738 2108 1879 2155 puluis
1911 2118 1966 2150 es,
2013 2110 2051 2142 et
2082 2107 2123 2141 in

483 2167 702 2213 puluerem
736 2165 973 2202 reuerteris.
1034 2165 1154 2200 Initio
1187 2175 1323 2200 versus
1352 2164 1444 2210 fort.
1477 2164 1620 2202 scribd.
1654 2167 1728 2201 est:
1779 2165 1837 2200 Nc
1868 2164 2019 2207 (Nunc)
2048 2173 2124 2209 pro

484 2225 540 2259 Vt.
603 2224 637 2259 3.
672 2223 883 2259 Lacunam
916 2223 1020 2258 inter
1050 2222 1262 2257 formosus
1294 2223 1330 2257 et
1354 2233 1479 2258 verus
1503 2222 1685 2269 siynauii
1707 2222 1759 2267 C,
1792 2232 1918 2257 carne
1950 2232 2125 2257 seuerus

483 2282 636 2327 scripsi,
669 2280 745 2316 hoc
776 2281 894 2325 idem,
935 2279 1043 2325 quod
1074 2283 1226 2322 castus,
1263 2278 1495 2325 sigynificarc
1522 2290 1640 2325 posse
1671 2282 1803 2323 ratus,·
1850 2278 2124 2323 conferantur,

483 2349 571 2383 (1¹1ae
617 2338 728 2383 apud
773 2337 998 2373 Snenonem
1048 2336 1226 2382 Ayyom's
1273 2336 1333 2379 (in
1382 2338 1487 2372 textu
1535 2336 1829 2382 Stephaniano)
1877 2336 1924 2371 de
1966 2335 2127 2370 Kamzto

483 2395 675 2430 dicuntur
707 2395 807 2438 (Vol.
832 2395 852 2429 I
873 2405 912 2440 ρ.
938 2394 1046 2438 141),
1080 2403 1198 2438 quem
1232 2394 1362 2429 Iocum
1395 2404 1487 2429 cum
1518 2393 1594 2429 hoc
1624 2394 1807 2429 carmine
1839 2393 1975 2438 aliquo
2008 2392 2127 2427 modo

452 2452 681 2487 *cohaerere
721 2454 899 2497 apparet.
977 2451 1010 2486 5.
1051 2450 1243 2496 profatur
1280 2453 1419 2486 contra
1460 2453 1633 2486 metrum
1675 2454 1741 2495 esi,
1788 2451 1856 2486 sed
1900 2449 2009 2484 Imnc
2053 2448 2129 2484 sibi

422 2536 427 2540 .
484 2509 687 2545 licentiam
719 2509 893 2554 scriptor
923 2508 1137 2543 indulsisse
1169 2507 1333 2543 videtur.
1396 2508 1431 2543 6.
1466 2517 1631 2553 agressa
1660 2508 1705 2544 C.
1768 2510 1802 2543 7.
1834 2507 2011 2553 signum,
2044 2507 2064 2541 i.
2098 2516 2126 2541 e.

486 2567 614 2601 »Maal
654 2565 719 2601 for
760 2566 849 2601 sine
882 2565 1000 2600 Pile«.
1078 2565 1112 2599 8.
1155 2567 1268 2599 arcet
1302 2575 1379 2610 pro
1418 2568 1550 2600 arctat
1580 2565 1754 2611 scriptor
1783 2564 1931 2600 dixisse
1963 2563 2127 2598 videtur.

491 2624 548 2660 10.
581 2622 651 2668 cfr.
683 2622 769 2658 Job,
803 2622 837 2663 7,
859 2622 898 2658 7:
933 2622 1152 2665 MementO,
1185 2622 1283 2667 quia
1317 2625 1464 2658 ventus
1498 2625 1559 2658 est
1590 2622 1672 2658 vita
1704 2624 1787 2658 tua.
