2242 3551
515 199 597 238 218
858 209 1133 239 SCmPTORES
1166 210 1393 239 fflsrofflAE
1424 211 1601 239 DANICAE
1633 211 1832 240 MINORES

515 323 821 364 Arusiensem.
911 323 997 363 Iste
1043 323 1285 364 Arnfastus
1340 337 1430 364 non
1479 324 1679 365 audebat
1727 325 1891 366 uestire
1938 339 1983 367 se
2030 327 2164 368 bonis

516 396 633 437 dicte
673 395 873 446 ecclesie,
918 396 1024 449 quia
1067 396 1234 437 electus
1278 401 1320 436 et
1359 400 1652 437 consecratus
1691 396 1775 437 fuit
1814 402 1972 439 contra
2005 400 2165 440 uolun-

515 472 653 509 tatem
686 468 853 520 regine,
886 469 962 508 sed
997 481 1209 509 reuersus
1235 473 1300 510 est
1325 470 1381 509 ad
1410 469 1653 509 abbaciam
1680 482 1811 510 suam
1839 471 2165 526 supradictam,

517 541 595 581 ubi
643 553 821 581 moram
870 541 974 581 fecit
1023 554 1166 594 usque
1215 542 1270 581 ad
1319 541 1440 582 diem
1489 541 1641 581 obitus
1688 541 1772 582 sui.
1846 543 1981 583 Istius
2028 557 2166 585 causa

471 631 489 650 )
518 614 679 654 eodem
721 626 843 654 anno
883 613 1057 667 sepcies
1100 613 1360 667 hospitatus
1403 617 1469 653 est
1507 618 1617 667 aput
1659 627 1744 654 nos
1778 615 2017 657 johannes
2052 617 2167 670 Kalf,

517 685 802 726 marskalcus
844 686 1021 726 domini
1062 687 1191 738 regis,
1238 687 1295 727 ad
1337 686 1490 726 minus
1531 699 1635 726 cum
1677 687 1889 728 trecentis
1931 689 2073 741 equis,
2122 695 2168 731 ut

517 759 791 811 exploraret,
849 758 885 799 si
933 759 1107 799 dictum
1156 759 1424 813 episcopum
1474 759 1739 799 Arnfastum
1790 764 1941 812 posset
1987 774 2167 815 capere;

516 831 687 871 iurauit
718 831 855 883 enim,
903 831 939 871 si
980 832 1254 885 reperiretur
1297 845 1453 873 coram
1487 844 1671 872 summo
1704 833 1858 883 altare,
1906 835 2029 886 quod
2063 848 2167 876 eum

518 907 710 957 caperet.
774 904 853 945 Ille
896 904 1047 945 bonus
1087 905 1230 945 homo
1272 917 1513 958 nunquam
1547 904 1672 946 uenit
1704 905 1760 945 ad
1796 906 1986 947 domum
2020 907 2168 961 istam,

451 984 492 1014 10
519 981 765 1031 postquam
799 981 1091 1018 consecratus
1125 981 1191 1018 est
1222 977 1268 1017 in
1302 977 1585 1030 episcopum.

603 1046 711 1101 (IX.)
760 1050 1061 1091 Reuertamur
1080 1051 1138 1090 ad
1157 1050 1322 1103 priora.
1373 1050 1596 1090 Reuoluta
1616 1049 1875 1102 supradicta
1898 1051 2170 1106 ebdomada,

520 1122 646 1163 uenit
677 1123 733 1163 ad
768 1122 986 1175 placitum
1022 1122 1180 1173 abbas,
1214 1126 1263 1162 ut
1295 1125 1531 1162 excusaret
1565 1134 1611 1162 56
1637 1125 1679 1162 61
1703 1135 1810 1163 51105
1835 1123 1890 1163 (16
1917 1131 2170 1168 111611101310

520 1195 774 1235 mendacio.
840 1196 890 1235 In
934 1195 1133 1236 crastino
1173 1195 1379 1236 eiusdem
1420 1194 1510 1235 diei
1554 1194 1679 1235 uenit
1710 1195 1767 1235 ad
1800 1193 2042 1236 abbaciam
2077 1196 2172 1249 qui-

519 1268 627 1308 dam
661 1267 792 1308 miles
825 1272 866 1308 et
897 1267 1074 1308 amicus
1100 1267 1302 1319 claustri,
1336 1267 1523 1308 nomine
1545 1267 1784 1308 Johannes
1804 1267 1973 1317 Canne,
2006 1278 2171 1319 rogans

453 1347 492 1377 15
520 1340 750 1389 abbatem,
798 1345 845 1380 ut
884 1340 927 1380 in
976 1341 1189 1390 crastino,
1235 1340 1279 1380 id
1315 1344 1379 1381 est
1427 1340 1619 1380 sabbato
1659 1344 1856 1393 quatuor
1896 1343 2172 1393 temporum,

521 1425 626 1453 cum
670 1427 722 1453 eo
765 1414 847 1454 iret
880 1414 1019 1463 Arusg
1068 1413 1237 1466 etipse
1279 1426 1382 1454 cum
1425 1412 1526 1465 alijs
1573 1411 1735 1452 amicis
1782 1412 1968 1452 claustri
2009 1413 2174 1455 faceret

522 1485 817 1526 concordiam
852 1486 1022 1526 bonam
1057 1487 1173 1526 inter
1204 1486 1357 1539 ipsum
1392 1486 1606 1526 abbatem
1641 1488 1682 1524 et
1713 1484 1995 1538 episcopum.
2062 1486 2173 1539 Ipsis

521 1558 576 1597 ad
632 1557 863 1599 ciuitatem
915 1558 1228 1610 uenientibus,
1291 1559 1367 1599 uix
1424 1561 1671 1611 potuerunt
1728 1557 1906 1609 magnis
1962 1559 2174 1611 precibus

522 1629 790 1683 episcopum
825 1630 1004 1671 flectere
1036 1631 1093 1670 ad
1128 1631 1486 1684 colloquendum
1520 1643 1626 1671 cum
1657 1630 1835 1671 abbate.
1886 1630 2028 1670 Erant
2052 1631 2174 1672 enim

452 1710 494 1740 20
521 1702 585 1742 ibi
620 1703 751 1743 multi
784 1702 961 1744 nobiles
1005 1703 1276 1755 congregati.
1340 1705 1406 1744 Ad
1448 1703 1663 1743 ultimum
1702 1702 1893 1743 intrauit
1932 1703 2175 1757 episcopus

521 1775 746 1827 capellam
790 1776 835 1816 in
870 1776 1060 1817 ecclesia
1095 1776 1241 1816 sancti
1275 1776 1542 1824 Cle1nentis;
1591 1775 1709 1828 cepit
1751 1775 1989 1816 reuoluere
2030 1777 2176 1830 queri-

522 1847 703 1888 monias
738 1849 1039 1902 supradictas.
1089 1849 1242 1889 Abbas
1275 1849 1433 1889 dicens
1468 1861 1559 1889 non
1592 1861 1690 1888 esse
1723 1861 1900 1900 uerum,
1934 1849 2176 1903 episcopus

520 1919 780 1962 iuramento
829 1921 1079 1962 affirmauit
1126 1935 1224 1962 esse
1272 1935 1447 1962 uerum.
1541 1921 1716 1962 Omnes
1774 1934 1883 1961 uero
1931 1922 2178 1962 credebant

523 1993 738 2047 episcopo
772 1998 957 2047 propter
984 1994 1314 2045 iuramentum,
1346 1998 1387 2034 et
1411 1993 1541 2047 quasi
1570 1993 1842 2034 insultantes
1867 1993 2021 2034 abbati
2046 1994 2177 2035 inter-

453 2074 496 2104 25
522 2071 815 2119 rogauerunt,
863 2080 1004 2120 quare
1043 2067 1108 2107 sic
1140 2067 1331 2107 fecisset.
1397 2066 1649 2119 Respondit
1687 2066 1845 2118 abbas,
1893 2066 2029 2107 etiam
2071 2080 2175 2107 cum

523 2138 796 2191 iuramento,
828 2140 1003 2191 {dicens
1037 2152 1081 2179 56
1115 2152 1355 2193 nunquam
1390 2139 1561 2180 uidisse
1594 2139 1863 2192 episcopum
1897 2138 2176 2191 Arnsastum,

525 2215 770 2265 postquam
804 2213 951 2253 factus
984 2216 1051 2253 est
1082 2212 1342 2266 episcopus,
1390 2225 1473 2252 1166
1511 2224 1789 2265 campanam
1828 2211 2090 2252 insonuisse
2122 2213 2174 2252 ad

524 2282 711 2337 aliquod
759 2285 1083 2326 detrimentum
1131 2284 1334 2338 episcopi
1374 2284 1595 2325 Tukonis.
1677 2284 1730 2324 Et
1776 2283 1969 2324 extraxit
2016 2285 2177 2325 stolam

524 2357 579 2396 de
612 2358 785 2408 gremio
818 2372 916 2409 suo,
965 2357 1260 2398 circumdans
1300 2369 1401 2397 eam
1443 2357 1560 2398 collo
1602 2369 1706 2396 suo:
1756 2356 1874 2409 cepit
1906 2356 2178 2397 maledicere

455 2437 498 2467 30
525 2432 566 2469 et
607 2431 961 2472 anatematizare
1003 2430 1149 2481 illum,
1198 2430 1276 2483 qui
1319 2431 1408 2470 hoc
1448 2429 1661 2482 primitus
1694 2428 1894 2481 dixisset,
1943 2428 1979 2468 si
2013 2429 2178 2469 falsum

341 2503 499 2540 F01.32r.
527 2502 714 2555 dixerat,
763 2510 804 2545 et
836 2518 882 2546 56
916 2504 1083 2557 ipsum,
1132 2501 1169 2542 si
1213 2515 1292 2554 per
1324 2516 1371 2542 se
1404 2502 1476 2542 uel
1509 2515 1589 2555 per
1621 2515 1729 2542 suos
1763 2501 1933 2541 factum
1966 2498 1977 2554 Η
2008 2501 2178 2552 fuisset,

529 2576 574 2617 in
608 2591 700 2630 quo
733 2578 978 2631 episcopus
1011 2587 1117 2617 eum
1150 2574 1395 2615 accusauit.
1460 2575 1516 2614 Et
1556 2574 1659 2615 ideo
1701 2574 1766 2614 sic
1797 2574 1899 2614 fecit
1931 2574 2094 2614 abbas:
2143 2574 2177 2614 si

618 2736 648 2771 1,
682 2736 774 2770 ante
806 2733 961 2769 uestire
993 2744 1139 2769 rasura
1171 2734 1237 2776 est,
1272 2734 1307 2767 et
1338 2730 1460 2766 bonis
1492 2729 1569 2766 hoc
1596 2730 1681 2765 Ioco
1706 2740 1868 2765 erasum
1895 2739 1976 2764 esse
2002 2729 2178 2775 videtur,-

529 2791 619 2827 item
664 2794 757 2837 post
794 2791 970 2826 ecclesie
1014 2789 1253 2826 vocabulum
1292 2790 1317 2823 fi
1354 2787 1417 2836 (z
1443 2785 1554 2835 non),
1601 2789 1644 2822 ut
1689 2786 1855 2830 videtur,
1902 2797 2063 2822 erasum
2111 2788 2175 2822 est.

530 2850 566 2885 6.
622 2849 842 2884 trescentis
898 2846 959 2886 CS.
1052 2847 1087 2883 9.
1149 2846 1264 2882 1161111
1324 2856 1449 2891 supra
1509 2844 1681 2880 deletum
1745 2847 1814 2879 uet
1865 2843 2059 2889 scriptam
2113 2845 2177 2879 est.

532 2906 592 2941 19.
626 2905 735 2941 enim
762 2921 804 2935 2:
828 2909 978 2941 autem.
1056 2904 1107 2939 28
1131 2914 1215 2950 sqq.
1251 2902 1368 2947 stola,
1409 2912 1533 2948 quam
1566 2903 1687 2937 antea
1721 2900 1761 2936 ἰη
1793 2900 1951 2946 gremio
1982 2899 2047 2948 (z
2070 2897 2178 2947 sinu)

529 2963 770 2998 occultatam
805 2962 960 3006 tulerat,
989 2961 1153 3008 prolata
1185 2962 1222 2996 et
1251 2960 1351 2995 collo
1386 2959 1572 3005 imposita
1604 2957 1820 3004 siqnificat,
1867 2967 1908 2993 56
1941 2968 2017 3003 pro
2049 2956 2176 3002 (11ῃηί-

531 3021 607 3055 tate
646 3021 682 3055 et
714 3021 907 3065 potestate
948 3030 1022 3055 sua
1064 3017 1326 3053 ecclesiastica
1359 3016 1515 3062 aliquid
1554 3013 1758 3052 dicturum
1787 3014 2048 3060 facturumue
2078 3023 2176 3055 esse,-

531 3076 606 3111 vid.
640 3075 889 3122 Ducanyius.
954 3077 1016 3112 29.
1054 3075 1301 3110 meledicere
1334 3071 1396 3109 Cb.
1461 3073 1525 3111 32.
1560 3072 1751 3108 acusauit
1784 3069 1847 3107 CS.
