2242 3551
521 186 756 216 ExoRmVM
790 187 1070 216 MONASTERH
1103 187 1233 216 CARAE
1266 187 1440 216 INSVLAE
1736 178 1812 217 197

152 308 243 346 erat
282 301 512 343 discordia
554 306 665 342 tunc
706 301 926 354 temporis
967 301 1084 342 inter
1125 303 1292 354 Regem
1336 302 1523 342 Ericum
1568 306 1609 342 et
1648 303 1812 342 ducem

151 377 259 420 Abel
299 376 484 416 fratrem
518 388 671 415 suum.
734 375 865 415 Vnde
906 374 1108 427 contigit,
1156 375 1282 429 quod
1318 374 1529 427 jumenta
1569 379 1725 416 nostra
1767 376 1813 415 in

151 452 269 492 Ynes
317 462 343 489 a
388 447 686 488 Theotonicis
733 447 1038 499 abigerentur.
1111 447 1197 488 Sed
1246 461 1353 488 cum
1401 447 1621 489 dominus
1668 448 1813 489 abbas

150 523 385 565 Joliannes
432 521 750 574 insequeretur
795 520 1041 569 barbaros,
1094 524 1143 561 ut
1188 520 1395 561 iumenta
1443 522 1699 572 reduceret,
1755 522 1812 561 ab

151 596 319 637 eisdem
377 593 634 634 latronibus
691 593 890 647 capitur,
954 593 1131 634 ceditur
1188 598 1229 633 et
1282 593 1328 633 in
1387 593 1572 635 sinistro
1620 594 1858 635 brachio5

149 667 345 721 grauiter
377 667 662 707 uulneratur.
727 667 965 720 Multaque
1005 666 1094 706 alia
1137 667 1258 707 mala
1302 680 1467 720 passus
1501 671 1580 719 est,
1623 671 1718 707 tam
1761 681 1814 707 ex

150 744 274 795 parte
305 739 436 780 ducis
469 739 595 788 Abel,
643 752 785 792 quam
819 752 872 779 ex
905 742 1031 792 parte
1065 739 1229 791 regalis
1263 739 1503 792 exercitus,
1547 741 1659 781 dum
1693 740 1814 795 quis—

150 827 235 868 que
274 812 473 853 diuitum
515 825 598 865 pro
639 825 723 853 suo
764 812 897 852 libitu
941 812 1064 853 bona
1107 811 1294 853 claustri
1327 812 1546 866 diriperet
1577 813 1813 866 violenter,

147 887 208 928 ita
240 889 286 927 vt
317 885 455 926 etiam
489 885 665 926 curiam
701 890 908 926 nostram
945 886 1149 926 Horsnes
1189 885 1387 926 totaliter
1428 885 1644 926 incendio
1678 887 1814 927 deua-

149 962 329 1001 starent.
380 958 464 999 Sed
500 962 541 999 et
572 958 744 1010 regina,
777 959 904 999 Jutta
938 959 1142 1008 nomine,
1176 972 1264 1012 que
1296 963 1408 999 tunc
1427 959 1812 1012 Skanthorpburg
1841 967 1882 998 10

149 1032 430 1083 morabatur,
478 1032 533 1072 de
576 1031 702 1072 curia
738 1035 893 1072 nostra
929 1032 1170 1084 Thyrning
1204 1036 1413 1085 potenter
1445 1032 1574 1072 omni
1607 1032 1680 1073 die
1713 1033 1813 1073 abs-

146 1105 265 1157 tulit,
313 1105 438 1158 quod
487 1104 696 1154 uolebat3
754 1104 899 1145 immo
946 1104 1083 1145 etiam
1132 1104 1257 1145 fratri
1308 1105 1459 1146 Olauo
1505 1105 1686 1156 Quiler,
1733 1105 1812 1159 qui

147 1178 360 1231 magister
401 1182 495 1218 erat
535 1177 659 1218 illius
702 1177 902 1230 grangie,
950 1177 1107 1218 abbati
1149 1191 1335 1231 quoque
1374 1178 1582 1219 Johanni
1623 1182 1663 1218 et
1706 1192 1813 1231 sepe

145 1252 332 1305 reliquis
364 1251 583 1292 fratribus
618 1264 664 1292 se
696 1251 870 1304 aliquid
906 1251 1017 1291 mali
1059 1251 1287 1292 facturam
1329 1251 1375 1291 in
1409 1251 1504 1291 suis
1537 1252 1812 1304 corporibus

146 1325 421 1374 minabatur,
451 1323 489 1364 si
514 1337 608 1364 non
634 1324 792 1365 onmia
818 1328 973 1365 nostra
1001 1337 1081 1364 sue
1107 1325 1319 1365 cederent
1343 1324 1586 1365 uoluntati.
1636 1325 1810 1365 Eadem
1840 1332 1881 1362 15

146 1397 280 1439 etiam
315 1397 500 1449 Regina,
534 1409 641 1438 cum
674 1410 912 1438 annonam
946 1401 1153 1438 nostram
1188 1398 1243 1438 de
1270 1398 1466 1451 Dyursae
1499 1397 1545 1437 in
1579 1397 1811 1450 plaustris,

146 1475 190 1512 vt
221 1470 362 1512 moris
395 1474 475 1522 est,
514 1470 572 1510 ad
607 1470 943 1511 monasterium
976 1471 1280 1520 traheremus,
1322 1471 1480 1510 multis
1512 1470 1626 1511 locis
1658 1470 1705 1510 in
1738 1471 1811 1511 via

145 1543 298 1597 posuit
326 1543 532 1585 occultas
556 1543 765 1595 insidias,
798 1547 844 1584 vt
868 1543 1017 1597 ipsam
1044 1556 1282 1584 annonam
1310 1557 1335 1584 a
1362 1544 1497 1584 nobis
1523 1543 1810 1596 distraheret,

145 1617 182 1657 si
225 1617 409 1657 daretur
456 1615 653 1667 occasio,
701 1616 1030 1657 fraudulenter.
1095 1617 1271 1657 Eodem
1318 1621 1527 1671 tempore
1567 1618 1660 1657 dux
1698 1617 1811 1657 Abel

146 1689 300 1731 villam
335 1688 625 1740 monialium,
674 1689 1030 1742 Gamlaewisyng
1063 1689 1267 1742 nomine,
1308 1694 1458 1743 preter
1491 1690 1639 1730 solam
1673 1690 1810 1731 eccle-
1838 1699 1880 1729 20

118 1762 260 1803 ¹siam
292 1762 490 1803 totaliter
522 1762 738 1803 incendio
771 1762 1045 1802 deuastauit.
1095 1763 1231 1813 Quod
1265 1776 1372 1803 cum
1406 1763 1551 1803 abbas
1569 1763 1810 1804 ²Iohannes

145 1839 187 1876 et
227 1849 310 1876 nos
351 1835 569 1876 monachi
617 1835 901 1888 audiuimus,
948 1835 1162 1876 timentes
1210 1836 1346 1876 nobis
1393 1835 1578 1876 euenire
1625 1835 1808 1886 similia,

144 1913 345 1949 meatum
395 1909 591 1960 Asgarth
639 1908 871 1961 stipitibus
919 1912 961 1949 et
1007 1908 1188 1960 magnis
1244 1909 1438 1949 sudibus
1492 1908 1810 1949 obstruximus

144 1993 378 2035 nauesque
405 1994 581 2033 omnes,
612 1985 839 2035 quotquot
863 1982 985 2034 apud
1012 1995 1096 2022 nos
1123 1982 1322 2033 fuerunt,
1349 1985 1427 2022 aut
1452 1981 1810 2034 irreparabiliter

144 2053 331 2094 lesimus
370 2058 449 2094 aut
492 2054 664 2106 stagnis
696 2054 1049 2106 submersimus,
1097 2068 1153 2094 ne
1193 2054 1240 2094 in
1281 2055 1346 2095 eis
1388 2055 1511 2095 bona
1552 2058 1707 2094 nostra
1739 2050 1750 2107 Η
1781 2067 1806 2094 3
1833 2060 2063 2096 251201.26‘.

145 2126 337 2167 cenobio
395 2140 475 2178 per
529 2127 682 2179 regine
736 2126 951 2167 satellites
999 2127 1157 2167 inuitis
1206 2127 1342 2168 nobis
1390 2127 1809 2180 Skanthorpburgh

147 2199 433 2250 veherentur,
481 2200 652 2253 quibus
692 2203 734 2240 et
773 2199 810 2240 si
852 2200 1075 2240 vellemus
1120 2199 1343 2247 resistere,
1391 2213 1485 2240 non
1528 2200 1809 2241 haberemus

146 2272 395 2324 audatiam,
442 2273 553 2313 nudi
595 2272 810 2313 homines
852 2273 1035 2325 penitus
1077 2277 1119 2314 et
1159 2273 1371 2314 inermes.
1436 2273 1646 2313 Preterea
1678 2273 1809 2314 vesti-

147 2348 299 2385 menta
332 2349 502 2396 nostra,
527 2346 746 2398 exceptis
778 2345 948 2399 quibus
981 2345 1294 2387 induebamur
1326 2345 1507 2397 cotidie,
1548 2349 1589 2385 et
1620 2345 1808 2397 cibaria,

147 2418 263 2458 vnde
304 2418 534 2458 aleremur
574 2418 622 2458 111
663 2418 908 2472 reliquum,
955 2419 1156 2472 exceptis
1197 2419 1335 2460 etiam
1379 2418 1589 2468 modicis,
1637 2419 1806 2472 quibus
1834 2430 1876 2461 30

147 2502 395 2543 pauperem
439 2491 613 2531 uictum
656 2491 890 2543 duximus,
932 2492 979 2531 in
1021 2491 1184 2531 turrim
1227 2504 1348 2532 noue
1390 2490 1579 2531 ecclesie
1612 2495 1809 2532 transtu-

147 2561 283 2603 limus
317 2567 504 2616 propter
534 2564 749 2605 timorem
784 2564 988 2605 hostium
1021 2565 1356 2605 conseruanda.

233 2635 394 2676 Dicam
434 2649 560 2677 nunc
600 2637 655 2677 de
690 2636 907 2690 Sythring
949 2637 1119 2689 aliqua,
1163 2650 1252 2690 que
1292 2649 1385 2677 11011
1419 2649 1609 2689 possum
1645 2641 1809 2689 preter-

147 2706 335 2760 mittere,
382 2709 604 2762 quoniam
647 2709 737 2749 illis
776 2709 1089 2750 contractibus
1134 2721 1300 2762 magna
1342 2723 1396 2750 ex
1436 2712 1564 2762 parte
1605 2709 1806 2761 interfui,

148 2780 223 2820 sed
256 2779 384 2833 (deus
417 2781 584 2834 nouitl)
616 2786 802 2835 propter
829 2782 1036 2822 laborem
1062 2782 1339 2823 multociens
1364 2786 1405 2822 et
1427 2781 1616 2822 inuitus.
1667 2781 1807 2833 Igitur
1833 2794 1875 2824 35

146 2851 345 2893 insulam
385 2854 513 2894 1113111
548 2854 763 2907 Sythring
803 2855 1056 2895 habuimus
1095 2855 1153 2895 ab
1196 2854 1412 2907 episcopo
1448 2854 1580 2895 Petro
1614 2855 1807 2895 Elafsun

147 2924 222 2964 tali
266 2927 425 2967 modo:
474 2927 624 2967 Vnam
666 2931 843 2980 partem
884 2928 944 2967 ob
984 2927 1241 2968 remedium
1289 2927 1443 2966 anime
1484 2939 1565 2966 sue
1605 2927 1806 2967 claustro

233 3067 295 3103 36.
330 3067 425 3103 Elaf
449 3069 516 3103 sun
542 3067 706 3103 diuisim
730 3067 796 3103 hic
830 3070 892 3113 (ut
913 3068 1035 3104 etiam
1057 3079 1096 3114 ρ.
1126 3068 1216 3113 198,
1238 3067 1273 3105 4.
1295 3067 1346 3103 13
1372 3069 1409 3103 et
1426 3066 1525 3102 alibi
1546 3067 1715 3112 similia)
1741 3066 1803 3104 C5.
