2242 3551
494 235 553 262 DE
586 234 867 263 Exvas10NE
901 235 1111 263 FRATRVM
1146 235 1355 264 MINORVM
1670 226 1753 265 363

96 347 256 388 fratres
289 348 480 401 predicti
513 349 638 389 ciues
670 348 1018 389 trucidauerunt
1051 353 1092 389 et
1125 350 1183 389 ad
1216 353 1399 400 terram,
1447 350 1570 390 velut
1611 361 1754 401 agnos

93 433 120 460 a
154 420 288 473 lupis,
321 420 655 474 prostrantes(1)
688 426 1013 474 percusserunt
1045 434 1151 462 cum
1177 422 1430 473 securibus,
1464 427 1505 463 et
1530 427 1752 476 tanquam

95 493 319 534 vilissima
351 494 579 534 cadauera
611 507 689 535 eos
722 507 802 547 per
833 494 1022 534 brachia
1064 507 1088 534 a
1131 495 1325 535 cenobio
1359 500 1664 547 extraxerunt,
1713 500 1754 536 et

92 566 156 606 ita
195 566 440 607 crudeliter
478 579 532 606 ac
571 566 901 617 inhumaniter,
948 567 1087 619 quod,
1134 567 1172 606 si
1210 568 1388 608 Judeus
1426 572 1505 608 aut
1545 580 1753 622 paganus

93 638 182 678 tale
214 638 385 679 factum
420 639 772 692 miserabileque
805 640 1120 692 spectaculum
1164 639 1365 689 vidisset,
1413 641 1549 681 credo
1590 641 1754 682 firmis·
1780 651 1799 681 5

94 711 223 763 sime,
256 713 380 764 quod
414 725 438 752 a
471 712 709 753 lachrimis
741 726 787 752 se
821 712 1054 753 continere
1087 725 1180 752 non
1214 717 1379 765 posset.
1428 714 1555 754 Vnde
1588 715 1753 767 stipen-

94 783 228 824 diarii
276 797 355 824 seu
399 785 574 825 rutheri
621 785 752 836 regis,
800 785 879 838 qui
919 785 1122 838 predicta
1172 785 1396 835 viderunt,
1445 799 1551 826 cum
1596 788 1753 828 dolore

95 857 299 897 maximo
331 858 625 912 suspirioque
657 858 809 899 cordis
843 854 1154 911 humallnaque
1180 859 1503 911 compassione
1529 860 1750 900 dicentes:
1780 861 1928 899 f01.27v.

99 929 163 970 »O
203 943 343 982 quam
385 930 593 971 crudeles
633 935 674 971 et
714 930 960 970 inhumani
1003 930 1126 970 ciues
1166 934 1273 970 sunt
1312 931 1357 970 in
1399 932 1486 971 hac
1518 933 1746 973 ciuitatelz

92 1006 154 1042 et:
209 1003 272 1044 »O
312 1016 451 1056 quam
493 1003 685 1043 immitis
730 1003 930 1056 populus
964 1007 1030 1043 est
1062 1003 1107 1043 in
1142 1003 1225 1043 ista
1260 1008 1377 1044 terra
1413 1005 1636 1045 Daciana!
1702 1006 1750 1045 In
1782 1012 1822 1042 10

95 1075 239 1127 patria
264 1080 444 1116 autem«
472 1075 717 1130 (inquiunt)
750 1081 945 1126 mostra,
977 1075 1054 1116 vbi
1080 1076 1308 1128 profligati
1332 1077 1517 1117 fuerunt
1540 1078 1753 1130 religiosi,

92 1161 187 1188 non
236 1161 313 1188 eos
360 1148 419 1188 ita
468 1153 794 1202 percusserunt
840 1153 919 1189 aut
960 1152 1294 1199 tractauerunt3
1344 1149 1438 1190 imo
1486 1151 1659 1191 eisdem
1707 1151 1753 1191 in

93 1221 310 1272 vestibus,
343 1222 552 1274 pecuniis
585 1222 778 1276 aliisque
810 1222 900 1262 vite
932 1221 1204 1262 necessariis
1231 1222 1572 1275 prouiderunt«
1624 1224 1753 1264 Talia

90 1298 136 1334 vet
168 1294 299 1347 plura
327 1294 416 1335 alia
440 1294 602 1348 prefati
626 1294 913 1348 stipendiarii
935 1293 1154 1334 fratribus
1176 1295 1503 1348 compatiendo
1526 1296 1752 1337 dixerunt.

95 1367 206 1406 Item
256 1367 474 1408 Nicolaus
522 1368 751 1421 Wynther
798 1366 1156 1419 Burgimagister
1210 1380 1263 1408 ac
1318 1368 1471 1421 plures
1518 1369 1595 1409 alii
1644 1369 1753 1410 boni
1783 1377 1822 1408 15

93 1439 305 1480 homines
339 1441 538 1481 multum
571 1440 790 1480 fratribus
822 1439 1148 1492 compatiendo
1181 1444 1288 1480 sunt
1320 1440 1595 1483 lachrimati.
1640 1443 1752 1483 Item

89 1512 170 1552 ,alii
203 1512 295 1553 duo
328 1512 490 1553 fratres
522 1517 624 1566 post
657 1512 1042 1566 profligationem,
1074 1512 1285 1553 videlicet
1313 1513 1451 1554 frater
1475 1515 1681 1555 Thomas
1714 1519 1755 1555 et

94 1585 231 1625 frater
270 1584 633 1639 Christophorus
676 1586 950 1637 sacerdotes,
998 1585 1157 1639 paucis
1205 1585 1370 1626 diebus
1417 1587 1584 1640 elapsis
1631 1587 1754 1628 diem

89 1657 299 1698 clausere
322 1661 596 1706 extremum;
626 1659 703 1699 sed
730 1663 882 1699 vtrum
905 1671 959 1699 ex
982 1658 1250 1699 verberibus
1274 1663 1353 1699 aut
1375 1660 1754 1713 percussionibus

93 1730 263 1771 habitis
296 1744 321 1771 a
354 1731 593 1771 maledicis
627 1731 904 1771 Lutheranis
936 1732 1007 1772 vel
1039 1744 1148 1783 non,
1195 1731 1284 1772 hoc
1326 1732 1602 1786 relinquitur
1633 1733 1754 1773 iusto
1781 1743 1824 1773 20

90 1802 249 1855 iudici,
281 1803 358 1857 qui
392 1804 549 1844 omnia
583 1805 703 1845 clare
736 1804 878 1844 nouit.
938 1804 1050 1844 Item
1084 1804 1130 1844 in
1164 1816 1294 1844 sacro
1328 1805 1500 1857 pascali
1534 1809 1754 1858 tempore,

93 1888 186 1928 quo
219 1889 380 1916 omnes
412 1876 507 1917 veri
541 1877 804 1928 Christiani,
837 1889 986 1917 annos
1018 1876 1310 1917 discretionis
1338 1877 1575 1929 habentes,
1608 1878 1755 1918 solent

94 1951 135 1988 et
167 1952 379 1989 tenentur
410 1949 690 1990 altissimum
723 1949 924 2003 recipere
956 1953 1313 1999 sacramentum,
1359 1949 1520 1990 fratres
1552 1963 1646 1991 non
1680 1964 1756 2003 po-

87 2024 277 2061 tuerunt
291 2021 402 2061 illud
419 2022 681 2063 venerabile
696 2021 1115 2074 dignissimumque
1131 2020 1494 2076 sacramentum{{
1508 2023 1753 2076 suscipere,
1780 2034 1842 2066 fol.
1858 2031 1926 2065 28‘.

89 2080 214 2149 (nec)
261 2095 393 2135 etiarn
443 2095 529 2135 sub
575 2095 745 2136 clausis
792 2094 943 2135 ianuis
991 2093 1205 2134 diuinum
1255 2095 1461 2136 officium
1510 2096 1754 2143 celebrare,
1782 2107 1824 2138 25

93 2168 183 2208 hoc
230 2167 473 2208 Luteranis
520 2167 712 2208 omnino
761 2166 1135 2221 prohibentibus,
1191 2180 1245 2208 ac
1299 2167 1336 2207 si
1392 2168 1553 2209 fratres
1605 2173 1755 2209 essent

94 2240 276 2294 pagani,
308 2240 698 2281 excommunicati
731 2244 811 2280 aut
838 2239 1081 2280 interdicti.
1132 2240 1244 2280 Item
1277 2241 1602 2291 guardianum,
1634 2241 1754 2282 vide-

93 2313 198 2353 licet
227 2313 414 2354 fratrem
448 2314 680 2353 Andream
718 2312 931 2363 Bertoldi,
978 2312 1215 2365 captiuum
1258 2316 1463 2353 tenentes
1502 2326 1582 2366 per
1619 2314 1755 2354 ebdo-

96 2386 254 2426 mades
286 2390 389 2426 octo
422 2399 621 2439 eumque
655 2389 962 2426 sustentantes
995 2397 1113 2438 pane
1146 2385 1455 2425 tribulationis
1480 2390 1522 2426 et
1545 2386 1754 2437 angustie

94 2462 228 2511 potu;
291 2471 457 2511 panem
507 2471 614 2499 vero
663 2458 968 2507 materialem,
1026 2458 1145 2498 vnde
1192 2458 1250 2498 ab
1298 2457 1362 2498 eis
1409 2462 1752 2509 sustentaretur,
1781 2471 1822 2502 30

94 2530 286 2571 minime
328 2531 504 2582 habuit,
552 2543 637 2571 nec
676 2530 813 2571 etiam
855 2530 1023 2571 micam
1066 2543 1220 2581 vnam,
1267 2531 1390 2583 quod
1431 2544 1670 2583 nunquam
1706 2531 1754 2570 fit

93 2602 232 2643 etiam
285 2603 662 2644 malefactoribus
716 2603 861 2656 captis
916 2607 957 2643 et
1011 2602 1346 2656 suspendendis
1401 2607 1478 2642 aut
1533 2603 1752 2643 rotandis.

184 2706 302 2741 1---2.
333 2705 425 2751 sort.
458 2706 515 2741 sic
545 2706 808 2751 corrigenda:
857 2706 908 2741 ad
948 2709 1103 2741 terram
1138 2705 1252 2740 velut
1283 2713 1413 2750 agnos
1445 2715 1467 2740 a
1500 2704 1612 2750 lupis
1645 2715 1756 2750 pro-

95 2766 288 2798 stratos
321 2767 626 2809 percusserunt
661 2763 744 2807 (sed
775 2766 1006 2809 prostrates
1039 2761 1161 2798 habet
1190 2760 1268 2803 W).
1340 2762 1376 2798 6.
1408 2762 1657 2807 stipendarii
1690 2762 1753 2802 W,

95 2830 197 2856 corr.
222 2819 306 2856 BC.
370 2821 403 2856 7.
437 2820 599 2856 rutheri
626 2835 670 2850 Ξ
692 2821 839 2864 ritteri,
873 2821 1035 2856 milites.
1098 2820 1160 2855 20.
1195 2819 1402 2867 maledice
1422 2819 1486 2862 W,
1519 2819 1540 2854 i.
1566 2829 1596 2854 e.
1632 2819 1755 2854 male-

97 2877 215 2921 dicis,
248 2879 290 2912 ut
312 2877 474 2923 scripsit
490 2880 624 2913 Arnas
651 2877 691 2912 in
717 2877 850 2923 1310),
882 2877 953 2923 cfr.
981 2876 1091 2922 infra
1115 2888 1156 2922 p.
1178 2875 1266 2921 366,
1289 2876 1362 2919 11;
1394 2876 1463 2911 sed
1486 2875 1524 2911 h.
1544 2876 1566 2912 I.
1592 2876 1753 2912 malim:

98 2934 309 2970 maleficis.
403 2935 466 2971 21.
524 2934 732 2970 dominica
788 2935 969 2981 pascalis
1024 2934 1126 2969 anni
1179 2933 1286 2969 1532
1344 2935 1432 2968 erat
1485 2933 1549 2969 31.
1604 2932 1752 2979 Martij.

95 2992 161 3028 24.
193 2991 575 3038 dignissimumque
607 2991 756 3036 WBC;
793 2992 1087 3037 dignissimum
1124 2991 1157 3026 K
1188 3001 1333 3027 errore.
1395 2990 1460 3027 25.
1494 3001 1570 3026 nec
1601 2990 1752 3026 addidi.

96 3049 161 3084 28.
202 3048 459 3084 ebdomades
498 3049 589 3092 BC;
630 3048 884 3085 ebdomades
923 3050 985 3085 W.
1063 3047 1241 3084 29—30.
1285 3050 1755 3094 sustentantes..potu,

90 3104 167 3150 cfr.
202 3104 295 3151 Rey.
326 3105 394 3151 III,
429 3104 493 3150 22,
514 3105 577 3141 27.
