2242 3551
466 213 701 243 EXORDIVM
735 213 1013 245 MONAsTERn
1046 213 1175 242 CARAE
1209 215 1382 244 levLAE
1674 209 1753 249 261

97 332 150 372 de
194 341 354 371 eorum
400 327 622 370 lateribus
660 328 788 370 missi
838 330 1141 383 personaliter
1181 329 1500 384 interfuerunt,
1547 332 1755 386 ipsorum

97 402 239 456 sigilla
271 414 363 442 una
396 414 501 443 cum
536 405 709 454 nostro,
757 414 842 442 nec
881 415 976 443 non
1009 402 1156 454 sigilla
1190 404 1530 446 uenerabilium
1562 405 1757 448 fratrum

97 479 371 526 nostrorum,
418 474 719 515 dominorum
768 475 975 527 magistri
1018 476 1170 517 Saceri
1216 477 1436 530 prepositi
1480 478 1756 533 Lundensis,

97 547 316 600 Thrugilli
363 547 702 600 archidiaconi,
750 548 930 589 domini
978 549 1098 590 Petri
1147 550 1291 599 Foca,
1339 550 1518 591 domini
1561 552 1757 594 Esberni

96 619 378 673 thezaurarij‚
426 620 606 661 domini
647 621 953 673 Godemanni,
1002 622 1181 663 Nicolai
1225 623 1439 676 Dyancer
1485 638 1587 677 sun,
1637 626 1756 667 Petri

95 693 324 748 Episcopi,
372 693 596 745 Brotheri,
641 693 859 747 Symonis
899 695 1249 747 canonicorum,
1298 700 1340 737 et
1383 696 1583 738 aliorum
1617 699 1756 752 pluri-

95 781 275 810 morum
299 768 641 821 fidedignorum
660 755 1009 823 (appendendo),
1033 769 1228 812 fecimus
1250 771 1297 811 in
1320 777 1593 827 perpetuam
1616 774 1756 815 huius

93 841 198 883 facti
230 841 534 894 euidenciam,
581 843 839 883 secundum
880 844 1004 896 quod
1044 844 1158 884 iuris
1190 846 1304 886 ordo
1339 847 1612 900 expostulat,
1659 860 1756 900 per-

94 914 298 956 hennari.
360 914 473 956 Acta
511 919 620 956 sunt
651 916 737 956 hec
768 915 814 956 in
849 916 1041 957 ecclesia
1074 917 1196 958 beati
1230 918 1352 959 Petri
1385 919 1591 972 Steswik,
1631 933 1755 962 anno

319 976 381 994 00
424 977 439 995 0
488 977 504 995 0

94 986 268 1028 domini
300 997 543 1040 .M.cc.lx.v1a.,
575 987 717 1029 tercio
751 988 909 1029 Nonas
941 988 1148 1042 Augusti.

230 1149 394 1200 (XLVI.)
453 1153 731 1189 Confirmatio
764 1152 926 1189 domini
959 1153 1189 1190 cardinalis
1222 1165 1353 1201 super
1384 1156 1615 1202 premissis.

159 1222 464 1302 »xsenerabili
497 1258 544 1298 in
579 1258 762 1300 Christo
796 1258 914 1313 patri
941 1260 1020 1311 .B.‚
1053 1259 1126 1300 dei
1160 1260 1304 1312 gratia
1337 1260 1556 1314 episcopo
1582 1262 1757 1304 Sleswi-

93 1331 228 1384 censi,
275 1331 413 1372 frater
446 1331 611 1384 Guido,
656 1331 952 1374 miseratione
984 1332 1145 1373 diuina
1178 1332 1297 1373 tituli
1332 1334 1478 1375 sancti
1512 1334 1754 1389 Laurencij

93 1404 138 1445 in
157 1404 332 1445 Lucina
357 1404 583 1458 presbiter
607 1405 871 1459 cardinalis,
903 1405 1157 1459 apostolice
1183 1407 1305 1447 sedis
1337 1407 1528 1460 legatus,
1561 1408 1756 1449 salutem

92 1478 137 1518 in
170 1477 374 1519 domino.
439 1478 556 1519 Cum
589 1491 615 1519 a
647 1478 783 1519 nobis
816 1479 999 1533 petitur,
1046 1479 1170 1533 quod
1211 1479 1387 1520 iustum
1427 1485 1494 1521 est
1535 1485 1577 1521 et
1618 1482 1758 1523 hone-

93 1554 226 1603 stum,
258 1554 350 1591 tam
379 1551 511 1603 uigor
536 1551 750 1606 equitatis
782 1565 924 1607 quam
959 1553 1073 1593 ordo
1107 1552 1242 1605 exigit
1274 1552 1483 1606 rationis,
1517 1558 1565 1594 ut
1597 1554 1640 1595 id
1676 1568 1757 1608 per

92 1627 242 1664 nostre
281 1624 608 1665 sollicitudinis
640 1625 847 1666 studium
880 1626 938 1666 ad
971 1625 1179 1666 debitum
1213 1627 1494 1679 perducatur
1526 1627 1755 1669 effectum.

95 1697 346 1751 Eapropter
401 1697 565 1738 uestris
621 1697 753 1739 iustis
809 1698 1204 1752 postulationibus
1251 1703 1379 1752 grato
1427 1705 1755 1742 concurrentes

92 1756 295 1822 assensu,
343 1770 642 1823 sentenciam,
690 1785 832 1825 quam
865 1775 1025 1813 contra
1058 1772 1305 1813 Tukonem
1338 1773 1610 1827 episcopum
1643 1774 1756 1815 Aru-

93 1841 287 1884 siensem
328 1844 600 1885 auctoritate
643 1848 800 1886 nostra
840 1844 1110 1899 protulistiS,
1159 1845 1277 1886 sicut
1322 1845 1370 1886 in
1414 1846 1576 1887 litteris
1617 1861 1756 1901 super

92 1916 179 1956 hoc
217 1916 437 1957 confectis
479 1917 662 1970 plenius
704 1918 979 1971 continetur,
1027 1922 1163 1971 prout
1195 1918 1314 1959 iuste
1346 1923 1388 1959 et
1419 1919 1755 1961 rationabiliter

92 1993 156 2030 est
177 1990 368 2043 prolata,
400 1990 685 2043 auctoritate,
716 2004 807 2046 qua
830 1991 1082 2044 fungimur,
1107 1991 1443 2033 confirmamus
1466 1996 1509 2034 et
1531 1993 1754 2046 presentis

92 2061 245 2115 scripti
277 2062 534 2116 patrocinio
567 2064 928 2106 communimus.
980 2065 1106 2105 Nulli
1139 2075 1245 2117 ergo
1278 2065 1472 2107 omnino
1504 2066 1752 2107 hominum

91 2133 221 2176 liceat
259 2136 382 2176 hanc
422 2136 640 2189 paginam
678 2141 834 2179 nostre
872 2137 1243 2178 confirmationis
1286 2138 1549 2191 infringere,
1597 2140 1671 2180 uel
1712 2140 1770 2181 ei'

92 2219 206 2248 ausu
244 2209 487 2250 temerario
521 2210 762 2251 contraire.
826 2210 979 2265 Siquis
1018 2214 1173 2251 autem
1214 2211 1304 2252 hoc
1342 2215 1616 2265 attemptare
1654 2226 1751 2266 pre-

93 2281 351 2334 sumpserit,
392 2281 768 2335 indignacionem
809 2283 1140 2337 omnipotentis
1174 2283 1246 2325 dei
1280 2288 1322 2324 et
1354 2284 1596 2325 beatorum
1631 2285 1751 2326 Petri

93 2356 133 2392 et
179 2353 309 2394 Pauli
356 2356 675 2408 apostolorum
724 2356 822 2397 eius
870 2369 917 2397 se
963 2357 1147 2397 nouerit
1193 2356 1504 2398 incursurum.
1578 2358 1749 2399 Datum

94 2423 305 2476 Lybaekae
329 2416 411 2468 ‚11⁰1J.
441 2427 600 2468 Nonas
629 2427 926 2481 Septembris,
959 2427 1256 2481 pontificatus
1289 2427 1468 2468 domini
1502 2428 1752 2470 Clementis

93 2509 208 2550 pape
240 2499 391 2551 quarti
423 2513 547 2541 anno
579 2501 761 2542 tercio«

176 2619 386 2674 (XLVII.)
430 2587 665 2684 Quilibet
702 2625 986 2677 perpendere
1025 2627 1187 2677 potest,
1234 2627 1273 2664 et
1311 2629 1485 2678 quanto
1518 2625 1676 2666 labore
1709 2630 1751 2667 et

93 2693 274 2744 quantis
314 2696 577 2749 sumptibus
619 2708 758 2749 supra
797 2697 929 2737 allate
961 2697 1107 2737 littere
1140 2701 1353 2749 congeste
1386 2702 1491 2738 sunt
1523 2702 1567 2738 et
1598 2698 1750 2752 acqui-

93 2764 195 2816 site;
243 2767 320 2807 sed
361 2768 620 2821 sepedictus
661 2769 907 2822 episcopus
948 2770 1083 2810 Tuko
1123 2769 1171 2810 in
1213 2774 1391 2810 tantum
1438 2770 1752 2824 uilipendebat

94 2849 168 2878 eas
213 2842 434 2894 tanquam
484 2841 884 2882 confabulationes
931 2855 1078 2883 uanas
1125 2846 1166 2882 et
1212 2842 1387 2883 inanes.
1451 2844 1653 2884 Tantum
1702 2843 1750 2884 in

178 2987 212 3023 5.
245 2989 453 3024 tezaurari
477 2987 540 3026 CS.
605 2991 639 3026 7.
672 2991 954 3037 appendendo
986 2990 1136 3027 addidi.
1201 2991 1263 3026 22.
1297 2992 1481 3037 presenti
1507 2989 1562 3027 CS
1595 2991 1635 3027 in
1667 2991 1750 3037 fine

95 3052 240 3089 versus,
279 3056 391 3124 8corr.
439 3045 564 3093 qulc.
643 3047 706 3084 30.
750 3050 790 3084 et
825 3046 874 3097 (7)
912 3047 1077 3095 scripsi3
1123 3053 1137 3084 ἰ
1172 3046 1236 3085 (28.
1315 3048 1376 3084 31.
1417 3048 1541 3086 allate
1581 3048 1746 3098 scripsi3

95 3103 207 3137 arate
239 3101 272 3139 C
297 3132 303 3139 .

1783 998 1824 1029 10

1786 1489 1826 1519 15

1782 1857 1823 1887 20

1777 2636 1819 2667 30
