2242 3551
554 214 698 242 VETvs
730 212 961 247 CJIRONICA
994 211 1232 239 SIALANDIE
1661 200 1714 238 53

60 331 139 372 ubi
172 330 308 370 etiam
340 339 491 380 regem
525 328 890 378 waldemarum,
933 325 1081 365 filium
1121 325 1333 366 videlicet
1365 324 1510 365 sancti
1545 325 1716 364 Kanuti

60 405 114 445 de
147 402 398 454 Ringstath‚
446 400 634 440 inuenit.
699 400 791 440 Rex
822 399 971 451 igitur,
1020 411 1112 438 non
1147 398 1377 438 sustinens
1411 397 1712 437 deiectionem

60 474 393 528 archiepiscopi
436 477 476 513 et
508 472 725 512 iniuriam
759 475 914 512 sancte
946 471 1148 522 ecclesie,
1195 470 1354 523 paucis
1394 470 1557 509 diebus
1597 483 1715 510 excr-

61 549 203 590 citum
239 546 419 598 collegit
448 545 710 598 copiosum;
743 545 920 585 intrans
953 547 1105 584 autem
1132 543 1344 583 Scaniam
1372 542 1417 582 in
1444 542 1721 582 Anundaeles

59 621 156 662 fixit
186 618 391 660 tentoria.
454 618 557 668 Quo
590 617 747 657 audito
782 616 1051 658 Scanienses
1084 618 1382 656 occurrerunt
1415 614 1454 655 ei
1486 615 1532 654 in
1567 615 1715 654 multi·
1741 621 1760 651 5

59 693 213 734 tudine
238 691 385 744 graui.
435 691 549 732 Cum
576 689 712 742 igitur
738 693 853 730 esset
879 701 996 742 pons
1022 688 1139 728 inter
1171 691 1419 740 utrumque
1452 687 1714 738 exercitum,

61 765 176 818 regis
194 764 403 806 videlicet
423 767 464 804 et
480 762 773 809 rusticorum,
801 761 1084 811 Scanienses,
1109 773 1289 801 moram
1314 773 1407 800 non
1426 760 1714 806 sustinentes,

64 852 142 893 per
187 840 373 891 pontem
421 836 596 890 priores
642 835 699 875 ad
747 845 898 886 regem
945 833 1137 874 transire
1180 836 1409 886 ceperunt.
1473 833 1715 885 Perspecto

58 911 192 964 igitur
230 923 321 962 rex,
369 909 492 963 quod
537 908 688 949 media
729 908 820 948 fere
862 920 968 960 pars
1008 906 1192 946 illorum
1234 909 1422 958 pontem
1465 905 1714 955 transisset,

59 983 297 1024 mandauit
338 983 448 1034 suis,
495 985 545 1022 ut
583 981 808 1021 irruerent
849 980 895 1019 in
937 992 1026 1020 eos.
1100 978 1205 1030 Qui,
1251 978 1374 1018 iussa
1419 978 1714 1030 complentes,
1743 984 1783 1014 10

61 1055 286 1110 plurimos
319 1055 569 1104 trucidant3
613 1054 782 1094 multos
815 1052 951 1093 etiam
986 1065 1032 1092 se
1063 1052 1108 1092 in
1143 1064 1328 1091 amnem
1362 1062 1564 1102 mergere
1596 1063 1716 1091 com-

60 1129 285 1183 pulerunt.
349 1127 565 1169 Videntes
604 1126 754 1178 igitur,
802 1125 881 1179 qui
920 1138 973 1165 ex
1005 1128 1131 1178 parte
1163 1124 1302 1164 altera
1336 1123 1487 1163 amnis
1520 1123 1715 1174 stabant,

59 1203 165 1257 quid
201 1201 337 1242 sociis
370 1200 478 1240 mali
512 1199 790 1249 immineret,
834 1210 919 1239 nec
949 1197 1072 1238 viam
1106 1196 1306 1237 adeundi
1340 1200 1381 1236 et
1412 1196 1604 1236 iuuandi
1639 1209 1715 1236 eos

59 1279 224 1329 patere,
268 1274 423 1326 fugam
455 1273 657 1313 inierunt
689 1271 906 1311 uniuersi.
971 1271 1065 1310 Rex
1096 1269 1232 1321 igitur
1263 1269 1450 1310 victoria
1486 1269 1627 1322 potita
1661 1269 1715 1308 de

59 1347 191 1389 bonis
232 1347 432 1398 illorum,
480 1345 559 1399 qui
599 1345 785 1385 ditiores
830 1347 872 1384 et
913 1347 1122 1384 auctores
1165 1341 1513 1395 principaliores
1545 1341 1715 1382 dissen-
1743 1351 1782 1381 15

61 1420 201 1461 sionis
233 1419 426 1471 fuerant,
460 1419 611 1458 ablata
642 1417 990 1470 archiepiscopo
1015 1415 1212 1455 restituit
1237 1418 1278 1454 et
1303 1414 1448 1454 multo
1475 1414 1713 1467 ampliora.

52 1494 117 1533 <Et
162 1493 251 1533 hoc
296 1493 457 1544 modo,
519 1495 568 1532 ut
614 1490 928 1544 supradictum
979 1492 1065 1538 est,
1130 1488 1303 1528 bellum
1349 1487 1396 1527 in
1444 1486 1720 1527 Anundaelef

62 1565 227 1606 dicitur
259 1565 515 1617 contigisse,
548 1565 671 1618 quod
704 1563 794 1603 alio
827 1562 1015 1603 nomine
1049 1561 1268 1601 Diisiaefal
1300 1560 1568 1613 appellatur.

149 1638 432 1680 MCLXXXI.
523 1638 615 1678 Rex
662 1636 987 1676 Waldemarus
1034 1633 1233 1674 occurrit
1278 1632 1543 1686 imperatori
1591 1633 1712 1685 apud

64 1711 217 1763 Trafn,
249 1710 327 1751 ubi
361 1710 497 1751 etiam
530 1710 645 1750 duas
678 1709 797 1749 filias
830 1721 937 1748 suas
969 1706 1215 1748 maritauit.
1740 1716 1782 1747 20

151 1783 458 1825 MCLXXXII.
537 1782 662 1835 Obijt
709 1782 1034 1822 Waldemarus
1083 1779 1279 1832 Primus,
1327 1778 1405 1833 qui
1452 1778 1574 1819 filius
1621 1782 1715 1819 erat

62 1857 206 1898 sancti
241 1856 408 1897 Kanuti
441 1855 571 1896 ducis
604 1859 646 1895 et
677 1853 890 1907 martyris
925 1851 1287 1905 Ringstadiensis.
1689 1894 1692 1897 ,

145 1929 493 1981 (MCLXXXIII.
574 1928 803 1968 Haraldus
851 1926 1046 1978 Skreng,
1101 1938 1127 1965 a
1175 1924 1347 1966 Swecia
1395 1929 1604 1977 vocatus,
1667 1928 1713 1964 ut

61 2006 268 2055 regnaret
298 2002 344 2042 in
379 2001 555 2051 Scania‚
588 2000 781 2053 fugatur.
829 1998 970 2040 Addit.
1007 1998 1100 2049 vet.)

149 2074 504 2117 MCLXXXIIII.
553 2073 795 2127 Expeditio
826 2073 942 2112 facta
968 2075 1033 2111 est
1055 2084 1080 2111 a
1105 2082 1207 2122 rege
1226 2071 1408 2111 Kanuto
1432 2071 1488 2110 ad
1512 2074 1712 2111 castrum
1740 2080 1782 2111 25

63 2148 271 2200 Walgust
302 2147 348 2187 in
383 2146 576 2188 Sclauia.

151 2284 183 2320 1.
216 2283 349 2320 sancti
390 2295 468 2320 om.
504 2284 552 2322 H.
631 2284 665 2318 2.
701 2282 916 2328 Ringstadt
948 2281 988 2317 S.
1064 2282 1098 2317 4.
1131 2280 1290 2326 colligit
1323 2281 1372 2315 M.
1457 2280 1618 2315 intrans
1652 2281 1712 2325 Μ;

63 2341 299 2387 ingrediens
340 2342 387 2378 H.
478 2340 756 2384 Anundelefff)
798 2340 851 2385 H3
901 2340 940 2374 in
983 2348 1111 2383 marg).
1146 2339 1197 2374 H:
1244 2337 1425 2373 Andelos
1463 2337 1565 2373 broe
1603 2335 1711 2385 (ilem

65 2397 104 2433 in
138 2410 169 2434 v.
206 2397 284 2447 17),
317 2399 400 2434 alia
434 2409 560 2434 manu
593 2398 798 2443 scriptum.
875 2397 910 2432 5.
943 2400 1174 2432 occurrunt
1203 2394 1298 2443 (om.
1333 2393 1385 2442 ei)
1417 2395 1463 2430 H.
1541 2395 1574 2430 6.
1608 2395 1710 2430 Cum

64 2465 160 2501 ergo
193 2456 239 2491 H.
305 2458 338 2492 8.
372 2456 514 2491 malim
548 2456 754 2491 aduersus
787 2463 936 2500 regem.
999 2454 1033 2489 9.
1068 2464 1165 2499 pars
1198 2463 1343 2488 eorum
1372 2452 1418 2488 H.
1494 2452 1713 2487 transisset

65 2512 98 2547 H
133 2523 182 2548 m.
218 2513 237 2548 1
278 2523 379 2549 corr.
411 2524 460 2549 ex
492 2513 632 2548 iterato
665 2512 845 2548 transire
875 2514 1117 2556 coeperunt.
1196 2510 1258 2545 12.
1299 2510 1494 2544 Videntes
1533 2518 1631 2554 ergo
1666 2509 1710 2544 H.

64 2580 110 2604 ex
152 2570 280 2605 altera
322 2573 439 2617 parte
480 2570 648 2606 stabant
689 2567 782 2618 (om.
824 2566 975 2616 amnis)
1007 2568 1052 2603 H.
1131 2567 1192 2603 13.
1233 2577 1305 2602 eos
1346 2567 1385 2601 in
1425 2567 1484 2602 eis
1516 2577 1616 2602 corr.
1658 2567 1712 2606 H;

65 2627 120 2663 eis
146 2627 184 2662 S.
248 2628 309 2663 14.
342 2629 488 2663 ineunt
519 2628 565 2662 H.
627 2627 710 2662 Rex
742 2635 839 2672 ergo
868 2627 911 2661 H.
978 2626 1038 2661 15.
1071 2622 1332 2672 auctiores(!)
1365 2624 1411 2658 H.
1477 2624 1536 2659 17.
1569 2634 1711 2669 super-

65 2683 219 2719 dictum
248 2685 294 2720 H.
360 2686 420 2720 18.
455 2683 653 2720 Diisiaefal
683 2684 741 2728 M;
776 2680 1036 2730 Dosiefalffld)
1062 2682 1108 2725 H,
1140 2682 1208 2717 sed
1239 2681 1281 2716 ld
1313 2681 1404 2716 add.
1437 2681 1520 2715 alia
1553 2691 1712 2716 manus.

66 2741 128 2777 20.
160 2741 302 2777 Traffn
336 2742 382 2778 H.
473 2742 596 2777 etiam
630 2742 666 2776 ei
704 2752 802 2776 suas
834 2751 913 2775 om.
949 2740 994 2775 H.
1086 2739 1128 2774 in
1160 2749 1290 2784 marg.
1324 2738 1357 2773 H
1392 2738 1539 2783 aliquis
1572 2740 1710 2773 notam

65 2798 235 2834 addidit:
268 2799 440 2835 alteram
472 2798 631 2834 scilicet
654 2797 923 2844 imperatoris
949 2796 1047 2840 filio,
1079 2796 1250 2831 alteram
1285 2794 1339 2843 (et
1363 2794 1531 2842 quidem
1558 2795 1713 2830 dicitur

66 2853 335 2905 mium-emm)
375 2855 528 2891 Sifrido
568 2854 827 2901 landgreffue
865 2854 929 2890 vel
969 2853 1076 2889 forte
1115 2853 1212 2898 Regi
1257 2854 1514 2888 Francorum
1562 2850 1710 2899 (media

65 2912 169 2948 certo
216 2913 341 2957 leqere
386 2924 469 2948 non
512 2910 653 2960 potui).
743 2912 806 2947 22.
856 2910 1185 2956 Ringstadiensis
1231 2909 1374 2955 scripsi
1418 2906 1531 2956 (nam
1574 2908 1624 2943 W.
1670 2908 1708 2943 ιή

71 2967 349 3016 Vordinyborq
377 2972 561 3005 mortuus
584 2967 672 3016 est);
705 2969 942 3014 Ringstadis
963 2969 1019 3011 M3
1051 2968 1092 3002 in
1113 2967 1310 3012 Ringstad
1331 2967 1377 3003 H.
1442 2966 1504 3000 26.
1531 2965 1710 3010 Valgust.

66 3035 165 3062 corr.
209 3027 250 3061 in
283 3027 453 3072 Volgust
492 3027 546 3070 H;
592 3026 783 3071 Wolgust
822 3025 861 3062 S.
951 3026 991 3062 in
1031 3022 1074 3075 (3.
1111 3034 1144 3059 υ.
1176 3023 1267 3061 add.
1301 3034 1353 3059 m.
1391 3023 1429 3073 1>
1475 3022 1621 3059 scania
1662 3023 1709 3068 H,

66 3082 132 3117 sed
159 3085 297 3131 postea
329 3095 428 3122 corr.
463 3083 504 3120 ιή
538 3083 711 3123 Sclauia,
