2242 3551
392 998 432 1027 10

394 1471 434 1500 15

393 1834 436 1863 20

459 210 542 249 470
806 217 1083 248 SCRIPTORES
1116 216 1344 245 HISTORIAE
1375 215 1553 244 DANICAE
1585 216 1786 246 MINORES

458 334 700 375 ‘Promisit'
743 346 843 374 eam
887 333 1000 373 deus
1042 331 1252 385 patribus
1284 331 1330 371 in
1363 335 1483 372 terra
1515 330 1665 371 aliena
1698 330 2119 384 peregrinantibus;

460 413 577 448 terra
617 406 701 446 ista
736 405 872 457 Virgo
907 404 1052 444 Maria
1086 404 1183 456 fuit,
1230 415 1455 456 generans
1486 404 1647 444 Jesum
1683 403 1934 455 Christum,
1980 404 2119 444 deum

461 485 502 521 et
535 479 794 528 hominemg
844 491 922 531 per
952 477 1063 530 ‘lac',
1111 477 1235 530 quod
1270 476 1542 530 exprimitur
1574 476 1630 515 de
1662 488 1813 527 carue,
1853 475 2121 516 humanitas

461 552 628 594 Christi
679 551 915 603 figuratur,
963 550 1151 591 nomine
1198 562 1309 590 uero
1354 548 1545 599 ‘mellis⁷,
1600 549 1724 602 quod
1779 549 1835 589 de
1890 562 1991 590 rore
2036 549 2121 590 celi

461 624 693 678 prouenit,
750 623 1004 664 diuinitatis
1051 623 1150 663 eius
1196 623 1378 663 interna
1424 622 1621 662 dulcedo
1668 621 1886 673 signatur.
1965 622 2122 662 Manat

461 709 565 749 ergo
598 701 716 737 terra
750 695 1075 750 promissionis
1107 696 1178 736 lac
1209 699 1251 736 et
1283 695 1388 747 mel,
1420 695 1466 735 id
1492 698 1576 735 est:
1610 694 1748 747 Virgo
1768 694 1911 735 Maria
1937 699 2123 747 generat

461 771 598 811 deum
633 774 675 811 et
706 770 960 810 hominem.
1024 769 1261 819 Quorsum
1305 767 1408 808 stilo
1448 768 1645 808 ducente
1685 767 1957 808 dimoueor‘?
2017 768 2121 808 Non

461 848 525 883 est
570 848 721 884 tamen
760 842 914 883 inanis
953 843 1037 882 hec
1078 841 1317 893 digressio,
1364 841 1444 881 ubi
1483 840 1657 880 fructus
1699 839 1857 880 suauis
1896 840 2121 894 carpitur:

460 916 633 967 teritur,
682 920 729 956 ut
767 915 971 956 redoleat
1011 919 1053 955 et
1091 914 1216 955 dulci
1264 927 1427 967 sapore
1474 912 1662 953 reficiat.
1727 913 1830 953 Non
1875 915 1937 953 est
1976 916 2121 953 tamen

460 988 685 1042 presentis
717 987 1036 1041 occupationis
1071 987 1286 1041 mysteria
1322 985 1618 1040 perscrutari;
1661 985 1739 1026 sed
1784 986 1841 1025 ad
1875 986 2122 1038 narranda,

460 1075 547 1115 que
581 1065 766 1113 restant,
799 1063 1041 1101 reuocetur
1074 1060 1251 1110 oratio.)
1284 1083 1333 1088 -ν

463 1241 595 1286 Caput
631 1241 731 1276 V11.:
780 1240 900 1284 Quod
943 1239 1026 1275 illis
1069 1250 1219 1275 nauem
1262 1238 1464 1284 ingressis
1504 1241 1543 1273 et
1578 1237 1891 1273 uelificantibus
1926 1241 2121 1285 parentes

461 1301 496 1333 et
532 1298 655 1333 amici
690 1298 975 1334 maledicentes
1009 1297 1228 1332 dominum
1260 1296 1504 1340 exorabant,
1536 1298 1582 1331 ut
1608 1296 1648 1330 in
1675 1295 1816 1331 eundo
1839 1299 1879 1331 et
1903 1296 2122 1332 redeundo

606 1356 799 1391 homines
833 1359 871 1390 et
905 1366 1035 1390 naues
1068 1366 1163 1390 cuin
1197 1354 1313 1389 omni
1346 1353 1583 1399 integritate
1616 1356 1986 1389 conseruarentur.

579 1425 618 1468 3

590 1474 694 1501 orro
728 1460 815 1500 uiri
848 1460 1071 1513 pretaxati
1094 1461 1151 1499 ad
1179 1472 1261 1499 sua
1286 1459 1543 1511 peragenda
1570 1457 1749 1509 negotia
1777 1462 2124 1510 perseueranter

463 1533 694 1579 insistunt,
728 1536 1016 1573 armamenta
1050 1533 1242 1572 nauium
1277 1530 1561 1582 colligentes3
1595 1530 1808 1570 utensilia
1836 1543 2023 1585 quoque
2050 1531 2123 1571 uie

463 1605 682 1657 longioris
724 1609 764 1644 et
803 1605 1085 1645 cibariorum
1129 1604 1287 1657 copias
1326 1604 1383 1643 ad
1427 1603 1558 1643 litora
1602 1603 1956 1656 promouebant,
2003 1605 2124 1645 uale-

463 1678 666 1719 dicentes
713 1678 808 1718 suis
853 1677 1091 1723 omnibusg
1140 1689 1224 1717 nec
1271 1676 1368 1716 sine
1416 1688 1595 1716 merore
1642 1687 1810 1727 magno
1857 1676 2123 1731 gemituque

463 1764 487 1791 a
521 1750 807 1791 charissimis
840 1749 1129 1802 coniugibus,
1163 1749 1283 1800 filiis,
1318 1748 1503 1788 filiabus
1535 1760 1590 1788 ac
1621 1749 1883 1800 nepotibus,
1917 1750 2122 1801 cognatis

464 1824 601 1864 etiam
642 1828 684 1864 et
723 1823 885 1863 amicis
926 1822 1307 1876 prosequentibus
1356 1834 1503 1874 usque
1541 1821 1597 1861 ad
1645 1821 1838 1861 nauium
1878 1821 2123 1863 stationem

464 1897 769 1937 deducuntur.
819 1896 910 1946 Qui
944 1908 1065 1947 mox,
1099 1899 1254 1948 optata
1287 1898 1531 1935 uentorum
1567 1893 1868 1946 prosperitate
1896 1899 2123 1948 percepta,

464 1970 567 2009 uela
600 1969 773 2009 dabant
806 1968 1013 2014 flatibus3
1047 1968 1428 2008 commendantes
1461 1967 1619 2007 diuine
1652 1967 1925 2019 protectioni
1951 1968 2124 2020 profec-

464 2043 635 2083 tionem
670 2055 802 2082 suam
837 2054 941 2081 cum
978 2041 1157 2081 cantico
1190 2040 1475 2080 iubilationis
1516 2039 1732 2080 affectum
1772 2039 2033 2080 deuotionis
2065 2041 2122 2080 ad

464 2116 668 2156 celorum
718 2115 807 2154 alta
854 2113 1185 2154 transmittunt.
1267 2112 1336 2153 Illi
1384 2117 1561 2165 autem,
1609 2112 1688 2165 qui
1736 2125 1845 2152 suos
1893 2113 2124 2165 prosecuti

465 2187 660 2240 fuerant,
693 2188 749 2227 ad
785 2186 968 2240 propria
1003 2198 1110 2226 curn
1143 2186 1269 2227 luctu
1297 2188 1576 2225 reuertentes
1601 2198 1737 2225 aures
1762 2184 1943 2238 pietatis
1969 2184 2126 2226 diuine

466 2261 734 2313 pulsabant,
782 2263 1010 2313 quatenus
1057 2259 1265 2311 angelico
1319 2257 1541 2298 comitatu
1603 2257 1807 2297 munitos
1863 2257 2006 2309 gratia
2053 2257 2126 2298 dei

466 2333 632 2373 ducere
674 2333 938 2385 dignaretur
977 2336 1018 2372 et
1058 2343 1165 2371 cum
1204 2330 1372 2382 gaudio
1414 2342 1646 2371 reuocare.
1711 2329 1781 2369 Illi
1821 2333 1976 2370 autem
2016 2343 2126 2370 aure

467 2405 770 2458 prosperioris
803 2405 1008 2457 impulsu
1042 2408 1084 2444 et
1116 2416 1253 2444 cursu
1287 2402 1467 2443 uolucri
1491 2404 1725 2443 ducuntur
1749 2403 1805 2442 ad
1831 2401 1946 2442 ostia
1971 2402 2125 2453 maris,

556 2516 591 2551 4.
624 2515 673 2551 de
708 2526 804 2551 rore
837 2514 927 2558 celi,
974 2513 1046 2559 cfr.
1085 2513 1220 2550 Genes.
1255 2512 1320 2557 27,
1340 2512 1461 2548 28011.
1542 2513 1577 2548 5.
1611 2512 1652 2547 in
1685 2514 1797 2547 terra
1830 2511 2050 2556 dulcetoo)
2085 2511 2127 2546 A.

469 2572 502 2607 8.
535 2572 701 2618 eapitur
733 2572 772 2608 S.
835 2571 985 2607 9—10.
1020 2571 1114 2607 Non
1141 2574 1161 2607 ὅ
1191 2572 1234 2606 tn
1266 2570 1475 2616 presentis
1507 2569 1802 2615 occupationis
1835 2568 1997 2614 scr1'psi3
2031 2568 2125 2604 Non

469 2640 563 2664 cum
613 2629 835 2675 praesentis
882 2628 1175 2674 occupationis
1217 2628 1266 2669 0,
1312 2627 1421 2673 quod
1467 2627 1508 2662 in
1548 2626 1576 2662 S
1616 2625 1749 2672 Steplz.
1795 2627 1839 2661 ut
1882 2625 2124 2661 mendosum

465 2684 646 2732 notrum,-
677 2686 797 2722 etiam
832 2686 872 2721 in
909 2687 946 2721 Μ
980 2686 1113 2721 locum
1144 2687 1383 2730 corruptum
1415 2694 1498 2720 esse
1528 2683 1806 2729 significatur,-
1844 2682 1982 2718 Nolim
2016 2683 2127 2718 inter

469 2747 699 2789 praesentes
732 2743 1035 2790 occupationes
1069 2742 1235 2778 licenter
1266 2742 1346 2777 KL.
1373 2762 1426 2767 —
1462 2742 1525 2777 15.
1558 2741 1775 2787 praetexati
1809 2740 1849 2776 S.
1918 2740 1977 2775 16.
2011 2744 2127 2775 uten-

469 2801 561 2836 silia
603 2801 694 2846 MS3
741 2804 786 2836 ut
826 2800 1052 2844 consiliam
1090 2800 1134 2835 Α.
1228 2799 1292 2835 via
1332 2799 1375 2834 A.
1455 2799 1518 2835 17.
1558 2798 1701 2833 littora
1745 2797 1830 2843 fere
1874 2807 2034 2842 semper
2077 2796 2124 2832 O.

471 2857 535 2893 20.
566 2857 920 2904 persequentibus
944 2857 993 2902 O,
1024 2856 1194 2893 corz-exi.
1258 2856 1320 2892 22.
1356 2855 1447 2891 uela
1478 2855 1636 2891 dabant
1661 2854 1776 2890 Ouid.
1803 2853 1963 2890 Metam.
1988 2853 2017 2898 J,
2046 2852 2124 2890 132

470 2916 507 2949 el
535 2925 639 2961 soepe
670 2915 751 2951 alii.
829 2915 880 2950 22
907 2925 964 2960 sq.
999 2914 1182 2958 flatibus,
1228 2914 1778 2955 commendantes..suam,
1824 2914 1873 2947 et
1913 2921 2008 2947 cum
2044 2911 2124 2955 KL,

470 2972 537 3006 sed
569 2975 609 3008 et
639 2983 722 3007 non
757 2971 909 3007 habent
937 2972 983 3010 Ο.
1047 2971 1109 3007 24.
1143 2970 1485 3007 transmittebant
1518 2970 1560 3005 K.
1652 2968 1899 3015 proseqvuti
1932 2967 1972 3010 S,
2004 2970 2041 3004 et
2069 2968 2126 3004 sic

470 3028 629 3073 scepius.
691 3028 870 3065 25—26.
903 3039 1027 3064 aures
1059 3028 1287 3074 pulsabant
1312 3027 1416 3063 diaeit
1434 3026 1687 3062 Claudianus
1711 3025 1759 3061 de
1782 3024 1882 3061 bello
1902 3024 2014 3061 Goth.
2034 3025 2125 3060 625.

473 3085 536 3120 25.
572 3086 737 3130 pietatis
760 3100 803 3116 :z
827 3086 1142 3121 misericordiae.
