2242 3551
433 1148 474 1178 10

434 1511 475 1541 15

433 1926 475 1956 20

504 203 584 242 194
842 214 1118 243 SCRIPTORES
1152 213 1380 242 HisromAE
1413 213 1590 242 DANICAE
1622 214 1822 243 MINORES

597 343 911 431 Septimus
944 378 1029 418 fuit
1054 379 1273 419 dominus
1300 379 1618 430 Gunnerus,
1652 378 1731 431 qui
1757 379 1924 418 multas
1952 378 2159 419 similiter

501 464 583 504 pro
627 453 794 491 domus
834 451 1026 491 utilitate
1067 450 1283 491 sustinuit
1329 451 1631 503 fatigationes.
1696 451 1794 502 Hic,
1843 451 2159 504 spiritualibus

501 528 543 564 et
582 523 916 576 temporalibus
956 523 1090 564 donis
1130 523 1349 576 preditus,
1397 523 1565 576 prefuit
1604 524 1738 563 annis
1779 536 1849 565 ,vr
1894 528 1935 564 et
1976 525 2159 565 duobus

502 597 753 637 mensibus.
803 597 965 637 Postea
999 596 1045 636 in
1080 596 1349 649 episcopum
1383 596 1552 637 electus
1585 600 1651 636 est
1680 596 2042 647 Wibergensem.
2091 597 2159 637 Ad

501 683 638 724 quem
693 669 1010 722 episcopatum
1066 668 1201 720 digne
1256 670 1507 720 regendum
1555 669 1708 722 ipsum
1757 668 1976 709 idoneum
2024 668 2161 709 faciat

501 742 660 783 diuina
705 741 961 790 clementia,
1010 745 1058 782 ut
1100 745 1203 794 post
1242 742 1545 794 temporalem
1579 741 1879 794 prelationem
1914 742 1971 781 ad
2005 754 2160 794 perpe-

500 818 632 855 tuum
666 815 905 868 perueniat
937 815 1176 855 honorem.
1239 815 1399 854 Amen.

596 959 875 1038 Octauus
917 995 1001 1036 fuit
1043 995 1262 1034 dominus
1298 994 1608 1046 Johannes,
1658 994 1908 1047 supradicti
1956 995 2159 1048 episcopi

500 1073 593 1109 tam
635 1080 798 1120 genere
837 1081 978 1121 quam
1018 1067 1161 1120 gratia
1200 1067 1355 1107 innate
1397 1067 1704 1120 simplicitatis
1738 1071 1779 1108 et
1811 1067 2028 1108 bonitatis
2061 1080 2161 1120 pro-

501 1143 718 1196 pinquus,
766 1141 812 1181 in
854 1140 1147 1181 interioribus
1181 1139 1290 1180 satis
1323 1141 1546 1192 ydoneus,
1594 1141 1640 1179 in
1674 1139 1974 1180 exterioribus
2006 1139 2160 1180 minus

502 1214 728 1261 eruditus,
788 1213 859 1253 uir
905 1213 1025 1253 bone
1073 1212 1407 1265 complexionis
1454 1217 1495 1253 et
1541 1213 1732 1253 honeste
1779 1212 2159 1264 conuersationis,

502 1287 713 1328 omnium
746 1286 848 1339 paci
882 1286 1070 1326 studens
1104 1290 1146 1326 et
1177 1285 1338 1338 quieti,
1376 1285 1455 1338 qui
1488 1285 1640 1336 etiam,
1673 1285 1936 1326 emulorum
1969 1285 2160 1326 circum-

502 1364 668 1400 uentus
693 1359 873 1410 astutia,
906 1358 1073 1399 honori
1103 1362 1144 1397 et
1177 1358 1304 1398 oneri
1337 1358 1524 1398 tandem
1557 1357 1705 1409 cessit,
1738 1362 1780 1398 et
1812 1358 1859 1398 in
1891 1357 2159 1409 dignitatem

502 1432 732 1485 prioratus
773 1431 1073 1482 reinstitutus,
1121 1443 1226 1471 cum
1268 1444 1429 1471 omnes
1474 1431 1519 1470 in
1560 1443 1672 1483 pace
1710 1435 1752 1471 et
1784 1429 2019 1484 paciencia
2052 1443 2160 1471 suos

502 1508 763 1559 superasset
802 1503 1108 1551 aduersarios,
1156 1504 1252 1556 ipse
1295 1516 1479 1556 quoque
1519 1503 1566 1543 in
1607 1515 1718 1556 pace
1759 1507 1800 1544 et
1841 1503 2006 1544 mentis
2043 1507 2160 1543 tran-

502 1577 726 1632 quillitate
773 1578 895 1617 diem
944 1577 1108 1617 clausit
1154 1580 1424 1617 extremum.
1509 1576 1682 1617 Prefuit
1728 1576 1862 1617 annis
1910 1589 1966 1617 v1.
2015 1582 2057 1616 et
2102 1588 2158 1616 vl.

503 1650 754 1691 mensibus.

597 1738 827 1815 Nonus
859 1773 943 1813 fuit
975 1772 1194 1812 dominus
1227 1772 1506 1812 Nicolaus
1549 1772 1854 1824 secundus,
1902 1776 1943 1812 et
1985 1772 2159 1826 ipsein

504 1845 748 1886 monastici
782 1845 957 1886 ordinis
990 1845 1232 1898 disciplina
1265 1858 1291 1885 a
1324 1858 1467 1898 puero
1500 1844 1739 1896 enutritus,
1787 1845 1858 1885 uir
1897 1844 1941 1884 in
1983 1845 2159 1885 cunctis

502 1931 719 1972 prospere
759 1930 911 1970 agens,
958 1918 1038 1972 qui
1080 1921 1122 1958 et
1162 1918 1258 1971 ipse
1297 1917 1549 1971 aliquando
1590 1917 1883 1970 priorabatur
1924 1917 1971 1957 in
2004 1918 2158 1969 domo,

502 1991 548 2031 in
582 1991 770 2043 agendis
797 1991 1083 2031 secularibus
1117 1991 1315 2031 multum
1341 1994 1554 2031 strenuus
1583 1994 1624 2030 et
1649 1990 1695 2030 in
1724 1989 2017 2030 interioribus
2051 1990 2158 2030 satis

503 2065 704 2104 edoctus
775 2064 919 2104 Fama
966 2064 1152 2103 tandem
1200 2063 1413 2114 agilitatis
1462 2066 1503 2103 et
1542 2063 1795 2104 honestatis
1836 2064 1891 2103 ad
1934 2062 2159 2115 plurimos

502 2137 784 2190 peruolante,
817 2138 874 2176 ad
909 2140 1101 2176 matrem
1128 2137 1321 2176 domum
1348 2149 1372 2176 a
1399 2135 1534 2176 nobis
1559 2136 1776 2187 aufertur,
1809 2148 1946 2176 onere
1971 2135 2159 2175 maioris

503 2210 692 2250 honoris
724 2209 981 2261 insignitus.
1041 2209 1126 2249 Sed
1160 2208 1268 2261 quia
1300 2208 1415 2248 forte
1446 2208 1600 2262 aliqua
1630 2222 1710 2261 per
1742 2208 1893 2260 ignem
1920 2209 2156 2261 purganda

457 2309 466 2318 ι
503 2282 678 2334 habuit,
712 2295 790 2335 per
822 2282 972 2333 ignem
1006 2293 1190 2334 quoque
1223 2280 1512 2321 examinatus
1545 2281 1750 2321 decessit.
1800 2280 1972 2321 Prefuit
2004 2285 2156 2321 autem

504 2367 595 2395 .1111.
629 2354 764 2394 annis
798 2358 839 2394 et
872 2367 963 2395 .1111.
998 2354 1173 2394 diebus.
1203 2350 1215 2407 Η

503 2574 584 2599 non
619 2563 660 2599 in
694 2574 841 2599 rasura
874 2565 940 2607 est,
990 2565 1032 2598 ut
1061 2562 1157 2599 dicit
1189 2561 1442 2610 Buchwald).
1501 2562 1642 2599 Postea
1682 2564 1764 2599 iam
1797 2563 1968 2599 deletum
2001 2564 2068 2609 est,
2117 2564 2159 2598 ut

503 2619 691 2666 arbitror,
716 2632 865 2656 manu
893 2620 1133 2663 secunda,
1158 2631 1259 2666 quoe,
1285 2620 1399 2655 initio
1422 2631 1530 2656 man.
1551 2620 1698 2667 primoe
1720 2621 1965 2666 scripturum
1985 2620 2154 2664 imitata,

502 2677 664 2723 scripsit
694 2689 831 2714 versus
859 2689 898 2724 p.
934 2677 1174 2721 194,1—-7;
1211 2677 1354 2713 deinde
1385 2688 1569 2714 manus
1605 2678 1776 2723 tertia,
1808 2678 1924 2713 cuius
1955 2677 2155 2723 scriptura

503 2745 526 2769 α
560 2745 612 2772 ιη,
650 2735 669 2770 1
703 2736 864 2781 lonyius
895 2735 1072 2778 discedit,
1121 2735 1192 2770 etsi
1230 2745 1313 2770 non
1355 2735 1482 2770 multo
1510 2735 1713 2781 posterior
1742 2745 1824 2770 esse
1856 2735 2022 2779 videtur,
2069 2733 2157 2772 reli-

504 2802 627 2837 quam
657 2795 817 2838 partem
848 2791 918 2838 fol.
953 2792 1024 2827 §w
1054 2791 1225 2837 scripsit.
1296 2791 1358 2827 Ad
1386 2803 1424 2838 p.
1464 2792 1552 2834 193,
1573 2791 1623 2827 31
1654 2792 1861 2838 pertinent
1891 2802 2040 2836 versus,
2088 2790 2159 2837 qui

504 2859 630 2884 manu
672 2849 833 2885 diuersa
874 2849 1013 2885 litteris
1053 2848 1168 2884 valde
1212 2847 1396 2884 tenuibus
1437 2851 1473 2884 et
1514 2849 1642 2885 acutis
1689 2849 1729 2884 in
1779 2849 1860 2884 imo
1905 2847 2028 2884 liuius
2066 2847 2159 2894 folii

504 2906 692 2951 margine
722 2906 862 2951 scripti
892 2908 1004 2941 sunt:
1052 2906 1177 2941 Actus
1209 2905 1415 2941 Thorkilli
1448 2906 1658 2952 condigno
1691 2909 1871 2942 scemate
1904 2906 1985 2941 dici
2022 2902 2027 2956 Ι
2063 2906 2154 2941 Non

506 2962 611 2998 valet
645 2964 695 2998 ad
730 2974 869 2999 mores
902 2963 965 2999 vel
998 2963 1120 2998 docte
1152 2963 1267 2998 vocis
1300 2963 1496 2999 honores.
1526 2961 1530 3011 l
1558 2963 1673 2999 Vnde
1706 2973 1852 3009 preces
1880 2960 1884 3013 Ι

594 3020 655 3055 11.
689 3021 924 3067 complexio
958 3021 979 3056 i.
1013 3032 1040 3056 e.
1074 3020 1269 3066 corporis
1301 3021 1556 3056 constitutio.
1626 3021 1689 3056 25.
1724 3031 1799 3067 per
1830 3021 1985 3066 ignem:
2017 3018 2154 3064 siqnif.

504 3077 590 3112 sine
621 3076 740 3112 dubie
772 3077 948 3119 morbus,
982 3078 1052 3123 qui
1083 3077 1189 3122 ignis
1222 3086 1340 3112 sacer
1373 3077 1603 3113 vocabatur.
1695 3078 1889 3113 dercessit
1922 3075 1986 3114 C3.
