2242 3551
497 256 557 284 DE
589 256 873 285 EXPvLsmNE
906 256 1118 285 FRATRVM
1151 256 1361 286 MINORVM
1676 248 1756 287 347

100 368 324 422 diuinam,
357 383 506 425 neque
537 370 585 411 in
608 370 800 422 legendo
827 371 964 411 horas
992 370 1254 422 canonicas,
1287 384 1436 425 neque
1461 371 1508 412 in
1532 373 1759 413 sumenda

98 442 306 495 corporis
339 443 597 484 refectione.

188 515 239 555 In
264 515 353 555 hiis
378 517 533 554 tamen
560 514 694 555 malis
719 528 900 568 semper
922 515 1082 556 fratres
1106 529 1460 569 perseuerauere
1481 521 1758 570 constanteS,

99 587 342 628 lectionem
383 599 510 627 sacre
553 587 777 640 scripture
818 588 946 628 horis
986 589 1201 640 congruis
1240 593 1282 629 et
1313 589 1441 630 verbi
1473 590 1619 630 diuini
1654 603 1758 630 con-

99 660 279 700 cionem
319 660 366 700 in
406 659 578 700 ieiunio
622 660 818 700 fratrum
865 665 969 701 ante
1016 662 1216 701 natalem
1259 662 1575 703 Christianum
1623 667 1665 703 et
1711 663 1755 703 in

95 733 204 773 40⁰⁰a
243 733 371 773 omni
418 745 607 786 vespera
655 733 890 774 habentes.
955 734 1006 774 In
1047 735 1152 774 40¹¹¹a
1190 747 1297 775 vero
1339 735 1541 787 heretici,
1589 736 1756 776 suatim

99 805 412 846 confessiones
451 805 668 857 audituri,
711 819 758 846 se
797 805 844 846 in
885 806 1065 847 cenobii
1106 807 1251 847 nostri
1293 812 1423 861 porta
1458 809 1757 860 collocarunt,

98 891 156 919 ne
180 878 283 931 quis
307 879 365 918 ad
390 878 551 919 fratres
577 878 891 930 ingrederetur
915 879 1255 920 confessionem
1281 880 1498 921 facturus.
1545 881 1757 922 Ceterum

98 951 312 991 noctibus
351 951 564 991 diuinum
606 950 829 1003 officium,
876 952 1216 992 dormientibus
1256 953 1433 993 insanis
1472 954 1757 1003 hominibus,

97 1036 225 1064 more
253 1023 388 1064 solito
414 1024 748 1077 persoluerunt.
799 1024 849 1064 In
883 1025 1117 1078 paschalis
1149 1029 1303 1066 autem
1337 1026 1438 1067 festi
1472 1027 1757 1079 solennitate,

94 1095 205 1136 ferie
238 1110 403 1149 nempe
428 1096 491 1136 2de
519 1100 665 1149 nocte,
699 1109 806 1137 cum
830 1098 887 1137 3Ιῃ
914 1097 961 1137 in
995 1098 1236 1138 matutinis
1267 1098 1427 1139 fratres
1461 1100 1758 1140 decantarent

96 1168 345 1221 psalmum,
391 1169 614 1210 immissis
656 1171 707 1209 .7.
747 1182 841 1209 non
883 1169 1055 1210 modici
1098 1170 1317 1223 ponderis
1363 1157 1630 1225 <lapidibus>
1680 1185 1758 1225 per

93 1241 419 1294 aquilonarem
452 1241 699 1282 fenestram
727 1241 887 1282 fratres
912 1255 934 1283 e
960 1229 1102 1283 choro
1129 1256 1290 1284 omnes
1315 1243 1458 1284 ferme
1483 1244 1756 1296 effugarunt.

95 1314 206 1354 Post
228 1314 397 1355 festum
422 1327 530 1355 vero
554 1315 724 1368 pasche
749 1315 904 1368 sepius
932 1316 1265 1357 monasterium
1296 1316 1600 1369 intrauerunt,
1633 1331 1758 1359 nunc

95 1386 236 1427 minis
268 1400 394 1428 nunc
425 1387 671 1428 blandiciis
703 1400 780 1428 eos
807 1388 1057 1441 pulsantes,
1090 1392 1137 1430 vt
1161 1402 1339 1430 morem
1364 1392 1571 1441 gererent
1596 1400 1755 1428 eorum

95 1472 310 1512 peruerse
335 1460 575 1511 voluntati,
608 1473 775 1514 nempe
803 1461 875 1502 vel
907 1461 1057 1501 heresi
1090 1474 1251 1502 eorum
1285 1462 1486 1503 fauendo
1520 1461 1590 1502 vel
1622 1472 1756 1501 ceno-

95 1532 224 1573 bium
274 1532 338 1573 eis
384 1546 467 1586 pro
514 1533 756 1586 gymnasio
804 1533 944 1574 studii
990 1534 1235 1587 theologici
1280 1532 1291 1589 Η
1338 1535 1657 1586 concedendo,
1704 1546 1756 1574 ea

96 1608 251 1645 tamen
283 1605 474 1658 ratione,
506 1610 553 1646 vt
584 1606 685 1659 ipsi,
718 1606 922 1647 dimissis
955 1607 1081 1647 horis
1108 1611 1150 1648 et
1173 1621 1220 1649 re
1253 1608 1428 1659 diuina,
1461 1606 1757 1661 gymnasium

91 1677 345 1730 visitarent,
391 1678 439 1718 in
472 1678 616 1730 breui,
656 1683 703 1719 vt
734 1679 822 1732 ipsi
854 1684 1164 1732 asseruerunt,
1207 1680 1463 1721 doctissimi
1496 1693 1601 1721 vere
1632 1680 1758 1720 theo-

94 1750 212 1803 logie
244 1752 455 1792 doctores
478 1751 634 1803 futuri,
660 1776 712 1780 —
737 1757 817 1792 aut
848 1752 920 1793 dei
954 1757 1315 1808 sanctorumque
1344 1754 1755 1807 blasphematores,

94 1827 219 1876 puto.
254 1824 478 1878 Denique,
501 1837 609 1865 cum
635 1838 785 1879 neque
810 1826 900 1866 hoc
924 1825 1143 1866 fratribus
1169 1827 1491 1879 complaceret,
1517 1826 1756 1875 miserunt,

91 1896 174 1950 qui
228 1896 293 1937 eis
345 1897 644 1951 prohiberent
700 1910 879 1939 sacram
932 1898 1212 1951 theologiam
1261 1899 1308 1939 in
1355 1899 1550 1939 cenobio
1597 1902 1755 1938 nostro

94 1969 313 2010 fratribus
344 1970 514 2011 nostris
540 1970 699 2022 legere.
749 1970 1113 2024 Suppresserunt
1134 1971 1271 2023 igitur
1294 1972 1456 2012 fratres
1480 1971 1527 2012 in
1552 1970 1755 2023 legendis

90 2041 237 2082 :sacris
282 2041 442 2083 litteris
488 2055 664 2095 vocem,
712 2056 872 2084 eorum
921 2043 1102 2084 malicie
1149 2044 1305 2098 aliquo
1345 2048 1480 2097 pacto
1527 2043 1754 2095 cedentes,

94 2114 336 2155 lectionem
369 2119 525 2155 tamen
551 2115 774 2168 optimam
800 2116 984 2156 interim
1011 2121 1230 2157 consueta
1256 2117 1371 2157 hora
1397 2117 1752 2170 frequentantes.

95 2186 321 2227 Miserunt
352 2192 506 2229 autem
540 2188 793 2241 sepissime,
827 2189 905 2242 qui
939 2202 1017 2230 eos
1049 2189 1365 2241 obseruarent,
1406 2202 1462 2230 ne
1495 2202 1587 2243 quo
1620 2193 1753 2242 pacto

90 2272 249 2300 sacras
280 2261 498 2302 lectiones
532 2262 602 2303 vel
635 2261 882 2302 conciones
914 2261 960 2302 in
994 2262 1097 2302 loco
1130 2266 1288 2302 nostro
1322 2262 1557 2302 haberent.

182 2332 476 2374 Intrauerunt
521 2338 675 2375 autem
715 2334 919 2387 quodam
963 2334 1035 2375 die
1074 2338 1177 2388 post
1216 2335 1457 2375 meridiem
1495 2336 1553 2375 ad
1593 2335 1754 2375 fratres

89 2404 141 2444 in
173 2405 412 2447 refectorio
446 2419 606 2446 eorum
640 2410 952 2459 congregatos,
999 2410 1225 2459 rogantes,
1272 2420 1331 2447 an
1372 2407 1510 2448 fidem
1545 2407 1753 2460 ipsorum

96 2477 470 2519 Lutheranorum
526 2479 741 2532 amplecti
793 2483 835 2520 et
881 2479 1124 2520 lectionem
1172 2492 1227 2520 ac
1273 2480 1546 2520 concionem
1594 2480 1753 2520 audire

92 2550 273 2591 vellent.
319 2550 594 2601 Questiones
619 2551 756 2603 igitur
780 2552 896 2593 facte
922 2552 980 2592 ad
1005 2552 1257 2605 quemlibet
1281 2552 1559 2604 singulatim.
1610 2553 1753 2593 Porro

90 2635 257 2663 omnes
303 2623 465 2664 fratres
511 2628 810 2676 negauerunt,
858 2628 1112 2665 asserentes
1161 2637 1208 2665 se
1254 2625 1383 2665 nullo
1431 2629 1565 2677 pacto
1612 2625 1752 2665 aliam

92 2695 353 2735 doctrinam
386 2696 681 2749 amplexuros
715 2710 854 2750 quam
890 2710 1006 2749 eam,
1053 2710 1193 2751 quam
1236 2695 1459 2738 hactenus
1502 2697 1752 2749 audissent,

183 2893 217 2929 6.
235 2893 276 2928 in
297 2893 576 2938 40¹¹¹³‚scilieel
593 2895 697 2931 anni
717 2894 831 2932 1530.
886 2897 1014 2942 6(pr0
1033 2895 1084 2940 ὄί)
1100 2895 1164 2931 W.
1208 2896 1241 2931 8.
1263 2905 1313 2930 ne
1330 2894 1410 2941 hiis
1428 2893 1752 2944 quisW(deteto

92 2948 213 2998 hiis);
261 2961 313 2986 ne
352 2951 448 2997 quis
489 2951 573 2988 BC.
652 2952 713 2988 10.
754 2953 955 2999 paschale
996 2952 1148 2988 festum
1189 2950 1312 2987 huius
1351 2952 1454 2987 anni
1493 2951 1555 2989 17.
1587 2952 1750 2998 Aprilis.

99 3007 161 3042 12.
200 3006 414 3054 lapidibus
454 3008 495 3044 in
541 3008 574 3044 C
616 3008 708 3045 add.
739 3010 887 3046 Arnas.
965 3010 1028 3045 13.
1068 3009 1360 3055 aquilonarem
1392 3008 1530 3045 Arnas
1572 3010 1612 3045 in
1656 3009 1749 3055 BC;

95 3064 293 3110 Aquilore‘
325 3065 388 3101 W.
467 3066 529 3101 18.
568 3066 686 3102 horis
726 3066 798 3112 W;
844 3064 1037 3115 choris(!)
1075 3065 1159 3111 BC,
1205 3066 1274 3102 sed
1319 3066 1347 3102 h
1397 3066 1438 3102 in
1486 3066 1519 3102 C
1566 3067 1750 3103 deletum.

91 3120 161 3157 33.
194 3132 298 3166 eam,
329 3132 456 3168 quam
489 3122 650 3170 scripsi;
685 3129 732 3159 ea
758 3134 840 3170 que
872 3124 936 3160 W.

1786 1037 1826 1067 10

1784 1401 1825 1431 15

1783 1543 1842 1573 fol.
1862 1540 1932 1574 liv.

1781 2128 1824 2159 25

1780 2492 1822 2524 30
