2242 3551
520 226 753 256 Exonmvm
787 226 1064 255 MONASTERII
1098 226 1225 257 CARAE
1258 228 1430 256 INSVLAE
1722 219 1801 257 173

144 344 355 385 effectum
390 343 590 396 prebere.
641 342 872 381 Perlatum
907 345 972 381 est
996 342 1224 395 siquidem
1251 344 1307 383 ad
1336 343 1552 383 noticiam
1582 348 1801 394 nostram,

143 418 263 473 quod
298 416 569 457 auctoritate
609 412 897 468 uenellrahilis
940 414 1089 455 fratris
1131 416 1273 455 nostri
1319 416 1493 466 Eskilli,
1541 417 1986 457 Lundensisl³‹›1.1‹›¹'.

144 489 491 543 archiepiscopi,
540 493 581 528 et
613 488 939 541 episcoporum
972 492 1101 540 terre,
1143 500 1323 528 necnon
1365 493 1405 528 et
1438 502 1629 529 assensu
1664 490 1803 529 karis-

145 563 248 604 simi
279 563 326 603 in
354 562 534 603 Christo
568 560 647 614 filij
682 560 826 601 nostri
852 561 1151 612 Waldemari,
1184 561 1372 601 illustris
1401 562 1638 602 Danorum
1674 563 1802 614 regis,

145 635 476 677 monasterium
524 638 729 675 uestrum
778 635 833 673 de
881 634 981 674 loco
1029 634 1189 685 Weng,
1237 634 1316 674 ubi
1364 637 1457 674 erat
1505 635 1645 687 priUS,
1693 649 1796 675 cum
1827 643 1845 671 s»

145 708 514 763 possessionibus
555 707 651 748 suis
685 707 741 747 ad
776 707 946 757 locum,
993 707 1071 759 qui
1106 706 1246 747 Calue
1278 707 1558 755 nominatur,
1607 712 1800 747 transtu-

143 781 269 833 listis,
319 781 416 821 sola
464 780 574 820 uilla
616 781 672 820 de
711 781 859 832 Weng
901 779 946 819 in
990 792 1132 819 manu
1180 779 1296 830 regis
1344 780 1496 820 relicta
1546 793 1628 832 pro
1670 785 1801 828 terra,

144 868 283 910 quam
301 855 359 896 ab
379 855 541 896 eodem
560 866 660 907 rege
679 855 724 895 in
745 854 1073 895 concambium
1093 853 1345 905 accepistis.
1374 854 1517 902 Vnde,
1543 840 1803 907 <quoniam>

145 928 466 969 translationes
507 933 549 969 et
588 927 990 977 commutationes,
1037 939 1126 980 que
1164 939 1246 979 pro
1281 925 1472 966 utilitate
1506 927 1801 967 ecclesiarum

144 1001 272 1051 fiunt,
312 1001 570 1055 approbare
603 1005 645 1042 et
676 1005 797 1041 ratas
832 1001 1001 1041 habere
1034 1000 1271 1047 debemus,
1317 1012 1415 1050 nOS,
1456 999 1803 1040 translationem
1835 1008 1873 1037 10

145 1074 348 1114 eiusdem
399 1074 662 1128 monasterij
713 1074 874 1125 uestri,
921 1077 1058 1127 prout
1106 1073 1295 1125 dignum
1346 1077 1433 1120 est,
1481 1073 1805 1126 approbantes,

145 1160 243 1188 eam
278 1151 424 1187 ratam
460 1152 501 1187 et
527 1148 710 1188 firmam
742 1160 928 1188 manere
954 1146 1203 1193 sancimus,
1238 1150 1279 1186 et
1304 1146 1648 1197 concambium,
1682 1147 1804 1199 quod

144 1232 248 1260 cum
282 1220 486 1273 predicto
511 1232 614 1273 rege
641 1221 685 1261 in
713 1221 813 1274 ipsa
837 1220 1140 1260 translatione
1166 1218 1429 1272 monasterij
1460 1219 1599 1259 uestri
1624 1218 1805 1270 fecistis,

145 1293 279 1333 uobis
312 1297 354 1333 et
385 1294 574 1334 ecclesie
608 1297 757 1334 uestre
799 1293 1069 1333 auctoritate
1111 1291 1365 1345 apostolica
1399 1292 1732 1332 confirmamus
1766 1295 1808 1331 et

145 1367 366 1419 presentis
400 1367 557 1420 scripti
590 1366 847 1420 patrocinio
880 1366 1242 1416 communimus,
1291 1368 1555 1417 statuentes,
1604 1369 1651 1405 ut
1692 1365 1806 1404 nulli
1835 1371 1874 1401 15

146 1439 336 1479 omnino
377 1440 622 1480 hominum
666 1439 799 1481 liceat
838 1440 960 1480 hanc
1002 1439 1218 1492 paginam
1253 1442 1406 1479 nostre
1440 1438 1806 1479 confirmationis

146 1511 390 1564 infringere
437 1513 510 1553 uel
555 1513 595 1553 ei
642 1513 935 1567 aliquatenus
985 1511 1224 1552 contraire.
1318 1510 1471 1565 Siquis
1517 1515 1671 1551 autem
1720 1511 1808 1550 hoc

148 1588 416 1638 attemptare
465 1587 810 1640 presumpserit,
857 1585 1223 1638 indignationem
1271 1584 1600 1638 omnipotentis
1648 1584 1719 1624 dei
1768 1588 1808 1623 et

148 1657 386 1699 beatorum
436 1659 751 1712 apostolorum
801 1660 898 1699 eius
939 1659 1057 1699 Petri
1098 1662 1139 1698 et
1182 1657 1313 1698 Pauli
1355 1671 1400 1698 se
1441 1658 1621 1698 nouerit
1660 1657 1809 1697 incur-

115 1784 117 1787 ·
149 1743 321 1772 surum.
1834 1737 1875 1767 20

852 1844 950 1890 Cap.
983 1844 1105 1881 XVII.

229 1923 285 1958 De
318 1924 505 1960 secundo
538 1925 801 1970 concambio,
834 1925 948 1971 quod
983 1924 1225 1960 habuerunt
1258 1923 1456 1959 monachi
1491 1934 1586 1959 cum
1622 1932 1727 1969 rege,

553 1995 593 2030 in
627 2005 712 2040 quo
746 1994 945 2029 monachi
978 1996 1229 2040 receperunt
1263 1993 1402 2039 Weng.

244 2062 511 2153 Rstquam,
546 2103 592 2140 ut
618 2099 977 2153 supradiximus,
1002 2099 1150 2151 Weng
1176 2098 1261 2138 sub
1287 2101 1508 2151 potestate
1541 2097 1657 2149 regis
1690 2097 1807 2151 facta

149 2175 226 2223 est,
273 2172 393 2225 cepit
432 2173 601 2213 nobilis
644 2172 810 2213 mulier
844 2173 1098 2224 Margareta
1138 2185 1244 2211 eum
1289 2171 1502 2224 precihus
1535 2170 1630 2210 suis
1662 2170 1809 2223 inqui—

147 2248 276 2293 etare,
321 2245 518 2286 offerens
551 2246 590 2286 ei
623 2249 787 2286 terram
824 2245 933 2286 satis
966 2245 1160 2285 multam
1193 2244 1240 2283 in
1275 2244 1451 2295 Fionia,
1492 2243 1705 2284 uidelicet
1737 2256 1805 2283 xv,
1834 2255 1875 2284 25

150 2330 350 2369 mansos,
397 2318 476 2371 qui
511 2319 684 2359 Danice
725 2319 942 2359 dicuntur
983 2318 1100 2370 bole,
1148 2317 1184 2357 si
1226 2316 1311 2356 sibi
1346 2317 1615 2357 concederet
1647 2316 1807 2367 Weng,

92 2410 93 2414 =
148 2394 188 2430 et
227 2395 379 2443 posset
418 2391 481 2431 ibi
525 2391 925 2443 congregationem
970 2390 1244 2431 monialium
1287 2389 1575 2430 constituere.
1640 2389 1807 2440 Regine

147 2476 343 2516 quoque,
392 2468 441 2504 ut
480 2477 560 2504 sue
605 2464 832 2504 uoluntati
873 2465 919 2504 in
960 2463 1242 2504 adiutorium
1290 2462 1431 2513 fieret,
1479 2463 1596 2502 duos
1643 2462 1807 2501 anulos

146 2548 308 2577 aureos
325 2534 337 2591 Η
355 2537 510 2577 multis
534 2550 679 2590 usque
703 2538 758 2577 ad
792 2537 905 2577 illud
931 2541 1112 2590 tempus
1138 2520 1315 2575 inuisos
1341 2535 1507 2575 obtulit
1532 2538 1572 2575 et
1599 2535 1804 2574 casulam
1833 2542 1990 2577 F01.11¹'.

147 2609 414 2649 deauratam
457 2610 569 2650 mire
610 2610 796 2658 facture,
846 2623 933 2663 que
975 2612 1215 2662 compacta
1256 2612 1349 2647 erat
1389 2607 1625 2647 lamminis
1657 2607 1806 2647 aureis
1834 2619 1875 2649 30

148 2685 188 2721 et
234 2686 417 2735 propter
464 2682 811 2735 spissitudinem
866 2683 966 2722 auri
1023 2681 1182 2735 plicari
1240 2694 1331 2720 non
1388 2679 1535 2732 potuit
1588 2679 1675 2719 nisi
1722 2693 1802 2732 per

147 2753 342 2794 flexuras
382 2755 439 2795 ad
482 2756 569 2796 hoc
608 2755 764 2807 factas,
814 2768 953 2809 quam
996 2755 1197 2808 predicta
1239 2752 1405 2792 mulier
1446 2756 1488 2792 et
1534 2752 1621 2791 alia
1669 2753 1798 2805 plura

147 2832 417 2867 ornamenta
450 2832 664 2881 rapuerat
690 2829 745 2868 de
771 2828 961 2868 ecclesia
986 2828 1042 2867 de
1061 2828 1231 2878 Weng;
1266 2838 1347 2878 pro
1381 2825 1549 2878 quibus
1582 2825 1800 2864 dominus

147 2900 425 2951 apostolicus
465 2900 619 2954 sepius
661 2900 904 2953 scripserat
942 2901 1035 2952 regi
1078 2904 1119 2940 et
1152 2897 1379 2951 episcopis
1413 2901 1454 2937 et
1486 2897 1570 2950 ipsi
1606 2896 1800 2947 mulieri,

235 3038 268 3072 8.
308 3037 509 3083 quoniam
543 3040 615 3073 ant
644 3038 741 3084 quia
774 3037 1036 3073 desideratur.
1115 3036 1291 3072 24-25,
1324 3023 1486 3082 inciltare
1519 3033 1722 3078 offer-rens
1755 3033 1798 3069 C.

148 3103 211 3141 28.
244 3091 462 3152 uoluntate}
495 3117 598 3144 corr.
632 3117 684 3142 m.
719 3107 750 3142 1.
785 3106 829 3142 C.
