2242 3551
496 203 730 232 exonnlvm
765 203 1044 234 MONASTERII
1077 205 1205 234 CARAE
1238 206 1411 234 INSVLAE
1704 198 1782 236 183

126 321 287 365 ciensis
319 319 541 374 obsequio
574 318 736 360 diuino
770 318 942 359 ibidem
972 319 1135 372 iugiter
1162 320 1450 373 1nancipatis‚
1484 322 1781 363 donationem

125 400 214 437 tam
262 392 493 435 ordinarie
540 392 708 433 factam
756 391 1130 445 irrefragabiliter
1177 393 1522 434 confirmamus.
1609 396 1780 436 Uerum

126 469 272 514 etiam,
295 480 351 507 ne
373 466 420 507 in
443 466 722 507 donatorum
747 478 943 506 numero
962 466 1242 507 obductione
1260 466 1517 519 ignorantie
1535 468 1780 509 hominum

125 541 259 584 corda
291 539 584 593 aliquatenus
616 542 786 592 queant
820 538 1052 592 uacillare,
1085 539 1236 580 debite
1269 541 1466 581 eundem
1497 554 1649 581 rerum
1679 554 1780 582 con-

125 613 455 656 firmandarum
483 625 730 653 numerum
757 612 977 653 duximus
1002 613 1344 654 adnotandum:
1373 613 1541 654 Villam
1568 613 1781 655 uidelicet
1807 623 1825 652 5

123 687 307 730 nomine
326 686 541 737 Karlebu,
574 698 715 739 quam
749 689 938 738 urgente
965 685 1251 727 inuincibilis
1276 686 1560 727 necessitatis
1586 688 1779 729 articulo

124 761 245 815 prius
284 759 342 801 ab
383 759 447 800 eis
488 758 762 812 optinuerat.
827 759 892 799 Ad
932 759 1019 800 hec
1058 759 1228 800 allodia
1262 760 1543 813 perplurima
1578 760 1622 800 in
1658 761 1780 801 uillis

121 833 237 876 istis:
275 833 529 886 Attethorp‚
563 832 814 886 ssgethorp‚
848 833 1088 885 Reszmoseg
1124 832 1287 885 Ening,
1322 833 1594 885 Hagethuet‚
1628 833 1780 875 Hilde-

122 911 220 959 stat,
265 919 353 961 que
394 909 474 947 aut
510 919 564 946 ex
603 905 737 947 bonis
779 906 1067 959 hereditarijs
1100 910 1179 947 aut
1210 905 1300 946 alio
1333 919 1613 960 quocunque
1644 906 1779 947 titulo

121 979 411 1034 conquisiuit,
443 992 720 1035 quecunque
753 979 889 1021 etiam
923 979 970 1020 in
1004 979 1126 1020 uillis
1156 978 1438 1032 memoratis⁷
1471 993 1551 1020 seu
1578 980 1623 1020 in
1650 979 1778 1021 siluis
1807 990 1848 1022 10

122 1067 200 1096 seu
244 1053 292 1094 in
336 1053 455 1106 agris
497 1056 577 1094 aut
615 1053 776 1094 ceteris
823 1052 1117 1107 appenditijs,
1165 1052 1539 1106 possessionibus
1587 1053 1685 1094 eius
1731 1053 1778 1094 in

121 1127 291 1169 ultimis
344 1126 598 1168 laborantis
645 1126 829 1167 addicta
877 1127 1190 1180 reperiuntur,
1250 1125 1544 1178 perhenniter
1599 1126 1663 1167 eis
1716 1127 1779 1167 in-

118 1200 341 1242 conuulsa
373 1199 612 1241 concessit.
677 1200 887 1241 Preterea
919 1199 1160 1253 equitium,
1196 1200 1318 1253 quod
1354 1199 1401 1239 in
1435 1199 1779 1241 Sundrehereth

119 1287 221 1315 eum
282 1273 525 1326 contingit,
587 1274 841 1314 eorundem
901 1273 1235 1327 possidendum
1294 1272 1456 1313 usibus
1509 1272 1776 1325 assignauit.

117 1348 277 1388 Actum
319 1347 377 1388 ab
410 1346 729 1388 incarnatione
768 1346 949 1388 domini
987 1359 1111 1387 anno
1146 1334 1386 1388 ,n‘issixiixii'r
1448 1346 1540 1387 Vlt⁰
1573 1346 1640 1387 ΚῘ.
1676 1347 1780 1400 Sep·
1807 1357 1848 1388 15

117 1421 324 1470 tembris,
380 1420 427 1461 in
483 1424 734 1474 conspectu
787 1419 1086 1460 illustrissimi
1135 1420 1377 1460 Danorum
1424 1419 1541 1471 regis
1595 1419 1778 1473 Kanutj,

118 1493 373 1535 astantibus
405 1494 613 1535 eiusdem
645 1494 783 1534 fratre
815 1494 1115 1534 Waldemaro
1148 1494 1279 1545 duce,
1312 1505 1494 1534 necnon
1527 1496 1568 1533 et
1597 1493 1777 1534 Walde·

117 1579 243 1608 maro
283 1567 654 1608 Sleswicensium
696 1568 860 1619 electo,
908 1567 1080 1608 Omero
1120 1564 1129 1620 Η
1171 1566 1503 1618 Burgalanensi
1543 1566 1775 1619 episcopo,
1803 1576 1962 1611 F01.17‘.

117 1640 304 1681 Stenaro
337 1640 721 1681 Wexionensium
755 1640 987 1694 pontifice,
1032 1640 1270 1681 Walberto
1309 1640 1476 1680 abbate
1509 1639 1565 1680 de
1598 1640 1776 1681 Esrom.

118 1713 247 1754 Hanc
288 1717 441 1755 nostre
481 1713 851 1755 confirmationis
893 1714 1120 1755 cartulam
1160 1726 1436 1768 quecunque
1468 1713 1777 1754 ecclesiastica
1803 1726 1846 1757 20

115 1786 393 1828 secularisue
426 1800 621 1840 persona
655 1790 927 1840 attemptare
961 1787 1180 1828 instinctu
1214 1786 1390 1827 nefario
1430 1786 1776 1839 presumpserit,

115 1858 422 1901 indissolubili
478 1860 787 1901 anathematis
840 1860 1030 1901 uinculo
1085 1860 1304 1901 innodata
1360 1873 1386 1900 a
1445 1859 1775 1900 communione

115 1933 319 1986 corporis
351 1933 682 1987 sanguinisque
714 1933 952 1985 dominici,
1000 1933 1046 1973 ni
1087 1933 1314 1986 condigna
1359 1933 1629 1986 penitudine
1670 1932 1775 1973 resi-

116 2005 276 2058 puerit,
309 2010 631 2060 sequestretur,
664 2010 767 2060 post
799 2006 979 2047 obitum
1012 2007 1219 2058 gehenne
1249 2005 1489 2060 supplicijs
1515 2005 1774 2046 eternaliter

117 2079 515 2132 condempnanda.
1791 2093 1842 2124 ‚25

786 2156 886 2202 Cap.
921 2155 1098 2191 xxvni.

376 2235 478 2272 Item
511 2236 625 2272 aliud
660 2236 927 2283 priuilegium
962 2236 1149 2272 eiusdem
1184 2235 1508 2282 archiepiscopi.

209 2308 458 2393 Absalon,
506 2341 578 2382 dei
616 2341 761 2394 gratia
795 2341 1057 2382 Lundensis
1100 2340 1289 2382 ecclesie
1321 2340 1700 2393 archiepiscopus
1733 2345 1774 2380 et

115 2413 363 2465 apostolice
405 2414 526 2455 sedis
567 2415 755 2466 legatus,
805 2414 951 2455 Danie
985 2414 1263 2468 Suethieque
1303 2413 1490 2467 primas,
1538 2413 1773 2454 Willelmo

116 2485 269 2526 abbati
308 2488 364 2528 de
397 2487 486 2529 Gn]
530 2488 724 2528 salutem
766 2491 809 2528 et
848 2488 905 2528 ad
948 2487 1165 2528 brauium
1199 2487 1469 2539 adoptatum
1503 2486 1771 2540 pertingere.

118 2558 232 2600 Cum
264 2573 318 2601 ex
350 2560 526 2601 ratione
559 2559 807 2601 commisse
835 2560 970 2601 nobis
995 2560 1232 2614 potestatis
1258 2564 1498 2600 teneamur
1524 2559 1773 2612 unicuique
1799 2572 1841 2603 30

117 2644 197 2672 sua
242 2632 342 2674 iura
389 2633 654 2686 prouidere,
709 2632 916 2686 proniori
961 2638 1116 2674 tamen
1163 2633 1330 2673 affectu
1376 2631 1494 2672 iuste
1540 2631 1772 2685 petitionis

117 2716 274 2746 eorum
307 2710 414 2748 uota
447 2709 658 2747 tenemur
690 2705 920 2757 exaudire,
954 2706 1033 2760 qui
1058 2705 1314 2746 maioribus
1338 2704 1573 2756 religionis
1598 2704 1772 2745 meritis

115 2775 334 2819 iuuantur
366 2782 408 2819 et
440 2778 615 2833 studijs.
679 2778 900 2832 Quicquit
941 2779 1063 2820 enim
1104 2778 1217 2820 locis
1254 2777 1479 2829 religiosis
1511 2777 1772 2818 deuotionis

117 2850 345 2892 confertur
384 2851 567 2904 intuitu,
614 2852 727 2892 dum
767 2852 907 2892 modo
948 2851 1145 2905 prouida
1184 2850 1513 2891 deliberatione
1560 2853 1773 2891 constant

116 2934 211 2962 esse
235 2924 414 2977 collata,
438 2928 592 2965 nostre
616 2924 984 2966 confirmationis
1009 2924 1279 2964 auctoritate
1304 2923 1523 2963 uolumus
1548 2922 1768 2963 roborari.
1797 2936 1838 2966 35

117 2994 249 3044 Quod
283 3007 389 3048 ergo
421 2997 559 3037 frater
591 3001 745 3037 noster
778 2997 943 3048 Sueno,
991 2995 1251 3036 Arusiensis
1290 2995 1477 3036 ecclesie
1510 2994 1769 3048 episcopus,

117 3065 187 3118 pie
228 3068 488 3110 deuotionis
530 3069 719 3110 obtentu
760 3070 894 3110 uobis
934 3073 975 3109 et
1013 3068 1201 3110 ecclesie
1234 3072 1384 3108 uestre
1418 3067 1576 3107 ultime
1609 3067 1769 3107 uolun-

202 3165 266 3202 23.
299 3166 340 3202 ni
373 3166 420 3212 C,
449 3167 542 3213 fort.
575 3177 710 3204 errore
738 3178 817 3214 pro
845 3157 932 3200 1¹12:
954 3167 1046 3203 nisi.
