2242 3551
364 256 423 285 DE
455 255 775 285 PROFECTIONE
807 255 1025 284 DANORVM
1059 254 1104 282 IN
1137 253 1493 283 HIEROSOLYMAM
1673 242 1753 281 487

99 374 235 421 Caput
266 373 407 410 XXIL:
454 373 577 417 Quod
617 372 701 417 alii,
746 372 843 408 licet
883 371 1018 416 inuiti,
1064 374 1203 407 tamen
1251 370 1381 406 saluis
1429 370 1611 406 nauibus
1658 380 1754 406 cum

99 432 261 468 iactura
309 441 450 467 rerum
499 431 551 467 ad
591 429 779 466 Fresiam
821 429 1133 476 applicuerunt,
1179 431 1219 464 et
1265 429 1321 463 ibi
1369 428 1526 464 relictis
1573 428 1756 463 nauibus

504 490 676 524 terreno
708 487 858 523 itinere
891 486 1103 522 Venetiam
1137 489 1356 522 uenerunt.

192 559 294 638 Ad
333 595 436 635 illos
477 594 643 634 iterum
690 595 992 643 reuertamur,
1038 603 1238 645 quorum
1287 590 1569 631 mentionem
1617 604 1756 644 supra

100 667 266 709 factam
309 668 451 709 lector
489 665 716 716 inueniet3
764 664 843 718 qui
884 663 1025 704 simili
1067 663 1286 716 periculo,
1333 665 1411 704 sed
1453 663 1585 715 longe
1628 663 1757 704 dissi-

100 741 282 793 militer,
329 740 596 793 agebantur.
681 737 758 789 Hi,
806 738 910 778 licet
956 736 1073 777 infra
1122 736 1313 776 nauium
1363 740 1489 789 septa
1536 736 1757 788 conclusi,

99 813 254 855 eiectis
284 817 440 854 tamen
472 812 706 861 omnibus,
751 811 895 851 uitam
938 824 984 850 se
1023 821 1233 850 seruasse
1274 821 1379 848 cum
1414 821 1531 861 pena
1563 809 1758 860 gratula-

99 886 289 937 bantur3
337 889 660 926 uerumtamen
700 883 883 924 illorum
926 882 1069 936 aliqui
1109 885 1205 921 tam
1246 894 1513 934 prosperam
1556 881 1758 922 habuere

99 959 460 1011 nauigationem,
509 961 557 998 ut
596 958 651 998 de
684 969 837 998 rerum
871 954 1129 996 substantia
1162 953 1227 1004 nil
1260 954 1501 1007 perderent
1533 958 1574 994 et
1606 954 1758 994 solidi-

96 1035 236 1072 tatem
285 1031 480 1072 nauium
526 1031 854 1071 inconcussam
902 1028 1161 1069 retinerent.
1251 1027 1340 1078 Qui
1389 1028 1557 1067 deuoto
1605 1027 1757 1067 studio

99 1104 235 1145 sociis
267 1104 520 1145 affuerunt:
570 1102 789 1157 perditOS,
836 1102 915 1155 qui
955 1105 1084 1142 erant
1126 1100 1408 1154 superstites⁹
1455 1100 1601 1140 donec
1634 1099 1758 1140 inue-

98 1177 270 1227 nirent,
317 1189 508 1230 querere
555 1189 646 1217 non
696 1175 1000 1227 desistebant,
1051 1177 1348 1227 repertosque
1395 1172 1590 1224 gratiose
1636 1172 1758 1213 colli-

97 1250 284 1302 gebant;
320 1250 611 1291 renouabant
642 1248 842 1302 denique
874 1247 988 1288 illud
1022 1246 1267 1301 antiquum
1303 1246 1348 1285 in
1382 1245 1571 1286 ecclesia
1605 1245 1758 1298 primi-

97 1322 193 1363 tiua
225 1322 503 1375 institutum,
537 1326 586 1363 ut
617 1325 769 1362 essent
800 1321 890 1362 illis
923 1320 1081 1361 omnia
1114 1318 1398 1369 communia,
1432 1322 1567 1371 prout
1592 1318 1758 1372 cuique

98 1409 217 1450 opus
249 1399 357 1437 erat.
404 1395 612 1448 Agebant
642 1395 765 1436 hanc
794 1393 1135 1435 humanitatem
1164 1405 1242 1445 pre
1268 1391 1427 1432 ceteris
1453 1391 1539 1431 uiri
1567 1391 1758 1442 nobiles,

98 1469 277 1510 liberali
308 1468 452 1521 gratia
484 1467 704 1521 insigniti,
737 1468 846 1519 Ago,
878 1466 1003 1507 filius
1027 1465 1168 1518 Stigh,
1201 1468 1244 1505 et
1260 1465 1375 1516 Ako,
1408 1476 1552 1517 nepos
1581 1464 1758 1504 domini

99 1541 326 1595 episcopi,
372 1542 631 1583 Alexander
677 1553 882 1595 quoque;
938 1552 1032 1580 non
1079 1542 1235 1579 tamen
1281 1537 1398 1578 adeo
1445 1537 1568 1588 larga
1617 1549 1761 1577 manu

94 1614 295 1668 ‘partitus
326 1618 406 1666 est,
448 1618 496 1654 ut
526 1618 717 1667 poterat,
759 1614 890 1654 diues
923 1612 1048 1654 enim
1082 1615 1178 1653 erat
1209 1610 1408 1665 copiose.
1472 1609 1616 1651 Ceteri
1650 1622 1759 1650 uero

99 1701 182 1742 pro
215 1688 407 1729 modulo
448 1700 528 1728 sue
561 1686 792 1727 facultatis
824 1685 1043 1726 fratribus
1078 1683 1431 1732 succurrebant;
1479 1682 1587 1736 quia
1628 1682 1759 1722 multi

99 1765 242 1813 erant,
289 1774 407 1816 quos
445 1760 665 1814 iniquitas
706 1759 848 1800 maris
887 1762 930 1799 et
966 1757 1159 1812 periculi
1202 1756 1341 1797 rebus
1388 1755 1608 1797 omnibus
1654 1758 1759 1795 atte-

101 1838 277 1876 nuarat.
323 1833 391 1874 Ad
414 1836 599 1887 portum
627 1832 827 1886 denique
851 1831 1097 1885 perductis,
1130 1843 1219 1884 que
1243 1832 1527 1883 supererant,
1560 1827 1760 1868 nauibus

98 1906 167 1960 (——
192 1908 251 1947 ad
286 1906 491 1947 Fresiam
525 1905 665 1958 enim,
698 1917 985 1959 quamquam
1018 1903 1167 1955 inuiti,
1200 1903 1520 1957 applicuerant
1543 1900 1626 1952 ——)‚
1659 1900 1760 1940 loco

101 1983 144 2021 et
172 1979 372 2031 ciuitate,
419 1991 509 2034 que
548 1978 707 2020 Stafrae
740 1980 1051 2031 nuncupatur,
1098 1975 1352 2029 habitoque
1392 1973 1485 2015 illic
1521 1972 1759 2014 communi

102 2051 310 2104 consilio,
327 2056 482 2092 utrum
496 2051 700 2104 amplius
713 2062 821 2092 cum
837 2049 1039 2090 nauibus
1055 2048 1213 2090 conari
1229 2048 1439 2099 debeant,
1453 2030 1736 2100 <deliberant>
1752 2060 1760 2094 3

102 2126 227 2179 quod
260 2128 303 2166 et
335 2124 494 2164 multis
525 2123 673 2170 libuit,
706 2124 785 2164 sed
819 2123 946 2174 uulgi
979 2122 1197 2163 uoluntas
1229 2120 1313 2161 fuit
1344 2124 1470 2160 trans
1503 2122 1646 2159 terras
1678 2117 1761 2158 iter

102 2198 316 2251 arripere.
404 2197 644 2251 *Preualuit
704 2196 934 2250 siquidem
998 2196 1088 2236 hoc
1145 2194 1413 2244 consilium,
1476 2189 1761 2231 multitudini

103 2270 363 2311 cedendum
402 2269 692 2310 arbitrantes.
754 2268 963 2310 Venditis
1003 2279 1109 2320 ergo
1152 2266 1354 2307 nauibus
1398 2277 1504 2305 cum
1544 2263 1762 2304 omnibus

105 2342 380 2383 utensilibus
422 2342 652 2395 rebusque
684 2341 1076 2396 importabilibus,
1123 2353 1203 2394 per
1236 2340 1449 2380 Rhenum
1491 2336 1762 2388 nauigantes

106 2415 348 2457 Coloniam
395 2427 542 2468 usque
588 2414 797 2468 perducti
839 2418 966 2466 sunt,
1013 2414 1313 2467 postmodum
1363 2412 1661 2463 properantes
1707 2408 1762 2448 de

105 2487 289 2528 ciuitate
320 2487 369 2527 in
400 2486 635 2528 ciuitatem
669 2487 745 2528 uia
778 2487 980 2541 publica,
1011 2488 1160 2528 donec
1182 2484 1420 2526 Venetiam
1456 2481 1759 2535 peruenirent.

510 2635 647 2682 Caput
678 2636 840 2672 XXIll.:
880 2636 939 2671 De
973 2635 1143 2671 ciuitate
1174 2632 1355 2669 Venetia.

203 2707 355 2785 Mira
387 2745 443 2784 de
469 2744 558 2784 hac
578 2741 840 2783 referuntur
862 2740 1065 2781 ciuitate:
1102 2739 1153 2779 In
1177 2737 1293 2778 mari
1316 2736 1401 2777 sita
1424 2738 1503 2785 est,
1536 2731 1762 2785 populosa

107 2815 261 2866 nimiS‚
308 2815 629 2869 potentissima
662 2813 861 2855 nauibus
895 2812 1085 2863 bellicis,
1134 2814 1180 2850 ut
1218 2810 1337 2849 ultra
1369 2819 1509 2857 mare,
1555 2804 1602 2844 in
1635 2803 1762 2843 Alex-

195 2923 231 2958 6.
270 2921 380 2957 infra
414 2921 505 2967 MS;
551 2922 661 2956 intra
693 2920 848 2964 MKL).
928 2919 988 2955 13.
1026 2917 1131 2953 illud
1171 2916 1392 2960 antiquum
1433 2914 1529 2948 etc.:
1576 2908 1647 2954 cfr.
1680 2908 1762 2943 Act.

110 2980 238 3025 apost.
265 2978 303 3024 4,
325 2978 386 3015 32.
452 2978 512 3014 16.
544 2978 711 3014 liberali
744 2977 803 3021 Μ;
834 2976 1000 3012 liberati
1035 2974 1110 3010 AS.
1199 2971 1385 3017 insigniti
1419 2967 1534 3012 M2K3
1565 2965 1762 3011 insignati

112 3034 249 3072 MlAS.
314 3037 376 3072 17.
409 3046 493 3072 non
525 3038 666 3072 tamen
700 3032 811 3080 M2S;
856 3044 939 3069 non
978 3036 1062 3069 tam
1098 3030 1203 3066 MlA.
1266 3029 1331 3064 20.
1365 3026 1601 3062 attenuarat
1634 3022 1763 3063 MS&

109 3095 347 3129 attenuerat
377 3093 456 3128 AL.
533 3093 598 3128 24.
640 3091 876 3128 deliberant
907 3090 1061 3135 addidi,
1106 3090 1149 3124 ut
1185 3087 1387 3122 structura
1427 3080 1587 3129 periodi
1623 3079 1762 3115 tolera-

112 3149 231 3187 bilior
273 3150 396 3195 ᾔει-εἰ.
474 3150 537 3186 26.
576 3148 1015 3196 siquidemzigitur.
1094 3146 1158 3181 27.
1199 3143 1452 3180 arbitrantes
1499 3139 1649 3174 dictum
1693 3137 1760 3174 est.

111 3207 231 3254 quasi
261 3218 343 3243 non
376 3207 599 3254 preualuit⁷
630 3206 699 3242 sed
731 3205 996 3252 pretulerunt
1029 3201 1286 3238 antecederet.

1787 1032 1827 1063 10

1788 1396 1828 1428 15

1787 1760 1829 1792 20

1786 2124 1829 2156 25

1788 2491 1830 2521 30
