2242 3551
292 639 365 671 Fol.
380 634 454 670 21v.

432 711 451 741 5

409 1074 449 1104 10

407 1438 448 1468 15

404 1905 447 1936 20

404 2305 447 2336 25

290 2596 363 2627 Fol.
378 2591 447 2627 225

404 2670 446 2700 30

485 174 564 214 190
825 187 1100 215 SCRIPTORES
1134 187 1360 216 HlsromAE
1395 189 1570 217 DANICAE
1603 189 1802 217 MlNOREs

1156 305 1253 352 Cap.
1286 306 1463 342 XXXIII.

598 385 698 420 Item
733 384 985 431 rescriptum
1019 385 1179 421 domini
1213 387 1434 433 apostolici
1467 388 1518 423 ad
1552 388 1731 423 eundem
1766 387 2026 433 episcopum,

1171 455 1280 491 unde
1313 467 1454 503 supra.

576 524 861 603 Celestinus
887 559 1145 612 episcopus,
1171 573 1331 601 seruus
1356 574 1597 602 seruorum
1621 562 1706 612 dei,
1733 560 1983 601 venerabili
2008 561 2134 601 fratri

481 632 697 682 Suenoni,
738 632 974 673 Arusiensi
1013 632 1245 686 episcopo,
1275 631 1294 688 Η
1330 634 1525 674 salutem
1573 638 1615 674 et
1660 633 1961 687 apostolicam
2002 634 2134 674 bene-

478 705 741 745 dictionem.
835 705 903 745 Ex
954 705 1114 745 litteris
1168 706 1445 747 uenerabilis
1501 706 1651 747 fratris
1699 706 1842 747 nostri
1889 706 2133 747 Absalonis

479 778 740 818 Lundensis
779 777 1114 831 archiepiscopi
1146 783 1189 819 et
1220 779 1417 819 aliorum
1450 779 1671 820 relatione
1704 779 1966 831 didicimus,
2009 780 2132 833 quod

476 850 735 891 fraternitas
772 854 851 891 tua
893 850 953 891 ita
994 851 1236 905 hucusque
1275 852 1413 904 gessit
1451 852 1808 893 sollicitudinem
1856 851 2133 905 pontificalis

476 922 632 976 officij,
665 927 713 963 ut
745 923 894 964 clerus
926 927 969 964 et
1000 925 1200 977 populus
1232 929 1307 965 tue
1340 925 1639 966 iurisdictioni
1672 925 1906 965 subiectus
1940 928 1982 965 et
2006 924 2133 977 spiri-

475 996 658 1037 tualiter
697 1000 738 1037 et
776 996 1089 1049 temporaliter
1128 1010 1327 1050 superna
1366 998 1448 1038 tibi
1488 998 1671 1039 fauente
1709 997 1850 1050 gratia
1883 997 2134 1051 susceperit

477 1069 825 1110 incrementum.
919 1069 1037 1120 Quia
1094 1083 1204 1111 uero
1258 1075 1442 1124 propter
1492 1071 1736 1112 senectutis
1784 1070 2042 1112 molestiam
2091 1074 2132 1111 et

476 1141 859 1195 multiplicitatem
884 1142 1183 1194 grauaminis,
1209 1144 1331 1196 quod
1357 1144 1617 1197 episcopale
1642 1143 1849 1185 officium
1874 1143 2131 1184 necessario

476 1214 735 1267 comitatur,
782 1219 995 1269 suscepto
1036 1216 1316 1269 proposuisti
1357 1216 1485 1258 oneri
1524 1219 1698 1266 cedere,
1746 1230 1882 1271 super
1920 1229 2012 1270 quo
2059 1216 2131 1269 pie

476 1287 807 1328 recordationis
841 1288 1054 1329 Urbanus
1094 1290 1390 1342 predecessor
1428 1294 1582 1331 noster
1614 1290 1881 1344 petitionem
1913 1293 2041 1329 tuam
2074 1290 2130 1329 ad

475 1372 522 1400 se
554 1359 774 1401 directam
808 1361 993 1402 admisit
1023 1365 1064 1402 et
1088 1362 1370 1414 indulgentie
1395 1363 1477 1403 tibi
1503 1364 1725 1417 scriptum
1751 1362 1926 1411 direxit,
1960 1375 2131 1402 memo-

474 1433 559 1473 rati
606 1433 941 1488 archiepiscopi
989 1435 1206 1475 duximus
1247 1436 1332 1477 hec
1377 1436 1566 1477 arbitrio
1610 1435 1956 1487 committenda,
2003 1439 2051 1475 ut
2091 1439 2132 1475 et

473 1505 570 1559 ipse
601 1506 683 1546 tibi
712 1507 904 1547 cedendi
929 1508 1229 1561 episcopatu-j,
1262 1521 1368 1549 cum
1395 1509 1671 1563 requisieris,
1704 1508 1935 1550 licentiam
1961 1508 2131 1548 tribuat

475 1583 515 1619 et
548 1579 788 1632 prouideat
819 1580 943 1620 iuxta
978 1580 1241 1622 facultatem
1276 1582 1463 1623 ecclesie
1496 1587 1571 1623 tue
1603 1583 1658 1623 de
1691 1582 1824 1622 bonis
1857 1582 1969 1633 eius,
2009 1582 2131 1622 unde

474 1652 664 1693 honeste
705 1653 860 1693 ualeas
901 1654 1159 1705 sustentari,
1207 1659 1248 1694 et
1289 1655 1437 1706 faciat,
1483 1668 1572 1709 que
1610 1668 1748 1708 super
1789 1655 1877 1695 hoc
1909 1654 2130 1706 statuerit,

475 1724 665 1766 firmiter
697 1725 947 1767 obseruari.

1152 1827 1248 1873 Cap.
1283 1827 1455 1865 XXXIV.

554 1904 653 1940 Item
688 1905 823 1941 littere
857 1906 1017 1942 domini
1050 1907 1271 1954 apostolici
1305 1909 1355 1944 ad
1389 1908 1756 1955 archiepiscopum
1792 1918 1869 1954 pro
1902 1907 2048 1942 eodem

1036 1977 1251 2024 episcopo,
1284 1977 1395 2014 unde
1428 1988 1569 2023 supra.

570 2043 855 2123 Celestinus
907 2082 1171 2135 episcopus,
1227 2095 1387 2123 seruus
1435 2094 1677 2123 seruorum
1725 2081 1819 2133 dei,
1876 2080 2126 2122 uenerabili

473 2150 599 2192 fratri
619 2153 850 2203 Absaloni,
881 2154 1116 2195 Lundensi
1141 2155 1505 2208 archiepiscopo,
1539 2155 1731 2195 salutem
1759 2158 1801 2195 et
1825 2153 2126 2208 apostolicam

474 2225 854 2267 benedictionem.
920 2227 1034 2267 Eam
1078 2228 1133 2268 de
1173 2231 1249 2267 tua
1293 2228 1551 2268 sinceritate
1583 2227 1913 2268 conscientiam
1948 2238 2127 2279 semper

474 2298 738 2350 habuimus,
786 2303 834 2339 ut
872 2299 1141 2340 auctoritate
1184 2300 1304 2340 sedis
1336 2299 1586 2353 apostolice
1618 2313 1711 2341 non
1744 2299 1999 2353 requireres
2031 2311 2127 2339 exe-

473 2371 724 2423 quendum,
758 2371 845 2411 nisi
879 2373 1001 2425 quod
1036 2385 1247 2413 nosceres
1280 2373 1477 2426 equitate
1507 2373 1835 2426 honestateque
1860 2372 2124 2412 subnixum.

472 2443 601 2482 Vnde
632 2447 759 2484 tanto
792 2444 998 2484 securius
1026 2449 1102 2485 tue
1127 2445 1516 2498 postulationibus
1541 2445 1835 2486 fraternitatis
1859 2445 2125 2494 annuimus,

471 2519 643 2568 quanto
690 2516 936 2569 puritatem
979 2517 1257 2558 conscientie
1303 2522 1379 2559 tue
1425 2517 1607 2559 certiori
1653 2518 1775 2571 apud
1825 2531 1909 2558 nos
1956 2516 2125 2570 experi-

476 2592 630 2628 mento
669 2586 904 2643 tenellmus
968 2590 1092 2631 Sicut
1132 2594 1283 2631 autem
1324 2594 1399 2631 tua
1446 2590 1578 2631 nobis
1620 2590 1784 2630 caritas
1825 2590 1983 2631 litteris
2025 2589 2124 2629 inti-

474 2660 638 2712 mauit,
698 2664 739 2701 et
785 2674 839 2702 ex
885 2662 1137 2702 litterarum
1186 2663 1462 2703 uenerabilis
1509 2662 1659 2703 fratris
1706 2663 1848 2703 nostri
1897 2662 2123 2703 Suenonis

418 2772 423 2775 ,
472 2732 730 2773 Arusiensis
749 2734 952 2787 episcopi
970 2738 1126 2775 tenore
1149 2736 1481 2788 perspeximus,
1504 2735 1646 2776 felicis
1671 2735 1891 2776 memorie
1910 2735 2122 2775 Urbanus

473 2816 604 2857 papa,
638 2807 934 2858 predecessor
966 2811 1132 2859 noster,
1166 2808 1381 2861 episcopo
1413 2808 1503 2848 iam
1539 2809 1659 2849 dicto
1685 2808 1888 2859 indulsit,
1921 2812 1983 2859 ut,
2016 2806 2122 2861 quja

472 2889 577 2917 eum
634 2879 879 2919 senectutis
936 2879 1144 2920 molestia
1199 2885 1240 2921 et
1300 2880 1541 2933 pastoralis
1603 2880 1801 2921 nimium
1862 2879 2122 2921 sollicitudo

558 2988 593 3023 5.
644 2989 775 3024 nostri
831 2989 925 3033 (firi)
976 2999 1102 3035 supra
1156 3000 1187 3025 υ.
1242 2990 1332 3026 add.
1381 3002 1431 3027 m.
1483 2992 1501 3027 1
1551 2990 1596 3027 C.
1701 2991 1734 3026 8.
1792 2990 2025 3026 iuriditioni
2073 2988 2119 3025 C.

476 3055 535 3090 13.
570 3056 845 3105 predefcel'sor
869 3057 912 3093 C.
978 3058 1038 3093 18.
1070 3058 1149 3093 hoc
1177 3069 1262 3105 sup.
1290 3070 1323 3095 υ.
1351 3059 1443 3095 add.
1471 3070 1523 3096 m.
1553 3060 1571 3095 1
1602 3060 1647 3096 C.
1711 3060 1775 3095 28.
1801 3050 2049 3103 cons3,entie
2075 3060 2119 3097 C.
