2242 3551
391 1000 431 1030 10

392 1363 431 1393 15

392 1731 434 1760 20

395 2515 437 2545 30

457 210 539 250 300
800 220 1076 249 SCRIPTORES
1110 220 1338 249 HlSTORIAE
1371 219 1547 248 DANICAE
1580 219 1779 247 MINORES

548 335 795 386 »E1-icus,
829 334 901 374 dei
934 333 1085 386 gracia
1120 334 1358 375 Danorum
1393 334 1733 387 Slauorumque
1765 346 1855 384 rex,
1894 334 2112 376 omnibus

458 422 644 462 presens
677 407 898 460 scriptum
932 407 1100 447 visuris
1135 407 1330 447 salutem
1357 407 1403 447 in
1429 406 1633 448 domino.
1683 406 1814 447 Geste
1839 405 1903 447 rei
1929 406 2112 459 noticia,

458 495 513 522 ne
546 493 763 534 processu
788 479 1010 533 temporis
1033 479 1280 520 dubietatis
1304 479 1497 532 caligine
1520 479 1803 530 inuoluatur,
1836 479 2113 532 perhennari

457 554 572 594 solet
616 554 870 594 litterarum
917 552 1121 606 indicijs,
1180 565 1233 593 ex
1287 552 1457 607 quibus
1505 551 1684 605 preberi
1731 550 1875 604 possit
1920 552 2113 605 posteris

458 626 739 667 credulitatis
766 626 1125 667 firmamentum.
1176 625 1420 679 Cupientes
1447 624 1583 677 igitur
1607 624 1665 664 ad
1689 623 1908 665 noticiam
1934 638 2115 678 presen-

460 699 572 739 tium
605 702 648 739 et
679 699 941 739 futurorum
974 698 1213 751 deducere,
1258 697 1453 752 qualiter
1485 697 1645 737 fratres
1678 697 1879 738 minores
1912 698 2113 739 Othonie

457 772 609 825 adepti
653 771 743 811 sint
784 772 953 812 fundos
992 775 1034 812 et
1071 784 1215 820 areas,
1263 771 1309 810 in
1358 771 1527 824 quibus
1575 769 1647 810 dei
1693 769 1993 823 prouidencia
2035 784 2115 824 per

458 849 666 885 nostrum
700 844 926 885 auxilium
960 844 1212 884 claustrum
1254 844 1461 897 ipsorum
1504 843 1642 883 situm
1682 846 1746 882 est
1789 846 1831 883 et
1868 843 2114 895 habitacio,

459 917 703 967 Noueritis,
737 931 822 958 nos
855 930 1015 958 omnes
1049 930 1179 957 areas
1212 921 1253 957 et
1284 917 1454 957 fundos
1486 929 1510 956 a
1544 916 1646 956 vico
1671 915 1944 956 occidentali
1972 929 2115 969 vsque

459 991 514 1030 ad
557 991 754 1031 fundum
791 989 975 1031 Henrici
1011 991 1197 1042 Somaer,
1243 990 1480 1044 quondam
1524 988 1763 1042 monetarij
1799 988 2115 1042 Othoniensis,

459 1064 680 1104 habentes
726 1063 881 1103 riuum
929 1064 985 1103 ad
1025 1063 1290 1116 aquilonem
1332 1062 1419 1102 loci
1461 1062 1607 1114 ipsius
1650 1061 1837 1102 claustri
1878 1065 1920 1102 et
1960 1061 2113 1103 vicum

459 1149 756 1177 communem
812 1137 868 1176 ad
924 1136 1164 1176 meridiem
1219 1135 1446 1187 eiusdem,
1519 1134 1597 1188 qui
1651 1135 1709 1175 ab
1771 1134 2008 1175 occidente
2069 1135 2114 1175 in

459 1209 681 1250 orientem
715 1208 1016 1262 protenditur,
1048 1208 1146 1249 iure
1180 1207 1456 1249 scotacionis
1489 1207 1708 1248 habuisse
1741 1220 1765 1247 a
1799 1206 1916 1247 veris
1941 1220 2116 1260 posses-

460 1281 655 1333 soribus,
704 1286 745 1321 et
784 1282 1013 1322 dictorum
1053 1282 1246 1322 fratrum
1287 1280 1523 1321 minorum
1566 1284 1787 1333 perpetuo
1820 1279 1918 1333 vsuj
1954 1281 2010 1320 ad
2044 1280 2116 1320 dei

460 1355 643 1395 laudem
678 1368 760 1408 pro
793 1354 996 1395 remedio
1029 1354 1182 1395 anime
1215 1357 1367 1394 nostre
1401 1366 1454 1394 ac
1479 1353 1824 1406 progenitorum
1852 1357 2114 1394 nostrorum

461 1427 724 1479 contulisse,
766 1427 950 1468 duobus
984 1427 1139 1467 fundis
1171 1426 1384 1480 exceptis,
1433 1426 1511 1480 qui
1543 1426 1590 1466 in
1623 1426 1792 1478 angulo
1825 1425 2115 1466 meridionali

460 1513 619 1540 versus
660 1500 942 1541 occidentem
991 1500 1136 1553 ipsius
1178 1499 1335 1552 spacij,
1384 1499 1653 1552 vbirplatee
1701 1503 1996 1550 concurrunt,
2045 1498 2117 1539 siti

461 1577 579 1624 sunt,
627 1573 704 1627 qui
746 1573 933 1613 ecclesie
972 1572 1092 1613 beati
1130 1571 1296 1612 Albani
1335 1572 1534 1612 ciuitatis
1569 1571 1888 1613 Otthoniensis
1928 1571 2118 1612 attinere

460 1645 778 1686 dinoscuntur.
829 1646 879 1685 In
905 1645 1036 1686 cuius
1060 1645 1124 1685 rei
1150 1644 1466 1686 testimonium
1492 1645 1691 1698 presenti
1715 1644 1884 1698 scripto
1908 1642 2117 1685 nostrum

462 1718 662 1770 sigillum
697 1718 915 1758 duximus
947 1718 1292 1771 apponendum.
1343 1718 1513 1758 Datum
1533 1717 1755 1770 Nyburch
1785 1730 1908 1757 anno
1942 1717 2118 1758 domini

461 1803 753 1843 M.cc.Lxxxv.,
786 1795 992 1844 tempore
1017 1790 1290 1844 parlamenti
1316 1791 1538 1842 generalis
1561 1792 1608 1830 in
1633 1789 1859 1843 presentia
1886 1794 2081 1830 nostra«
2109 1786 2120 1843 Η

464 1858 553 1901 (Hic
576 1857 708 1899 finitur
732 1855 927 1901 fol.109').

547 1928 745 1974 (fol.107*').
789 1921 1184 1962 MCCLXXXVI.
1219 1921 1410 1961 fundata
1437 1925 1503 1961 est
1529 1922 1724 1961 domus
1748 1920 2118 1973 Nystadensis

462 2008 487 2034 a
529 1994 764 2035 nobilibus
806 1994 1029 2048 personis,
1077 1993 1279 2034 dominis
1319 1998 1360 2034 et
1403 1993 1683 2034 dominabus
1722 1993 1778 2033 de
1818 1994 2038 2046 Karstorp
2079 1996 2120 2033 et

465 2067 743 2120 Katelstorp3
791 2066 883 2121 qui,
916 2071 961 2107 vt
994 2066 1173 2118 dicitur,
1219 2070 1575 2107 construxerunt
1607 2065 1846 2106 ecclesiam
1881 2070 1922 2106 et
1954 2065 2119 2106 dormi-

421 2140 635 2180 ⁷t01·ium
678 2140 945 2180 orientalem
987 2153 1129 2193 vsque
1170 2139 1405 2179 librariam
1446 2139 1617 2179 auxilio
1650 2138 1848 2179 aliorum
1887 2138 2117 2179 bonorum

465 2213 723 2253 hominum.
785 2213 1038 2263 (M.cc.xcm.
1072 2211 1157 2252 fuit
1190 2212 1469 2252 celebratum
1503 2211 1758 2265 capitulum
1793 2208 2040 2265 Nystadis.)

551 2285 991 2326 MCCLXXXVIII.
1040 2285 1230 2325 fundata
1278 2288 1344 2325 est
1384 2286 1552 2325 domus
1590 2285 1782 2324 fratrum
1824 2283 2119 2335 Kaldingis

464 2371 517 2398 ex
570 2358 696 2398 curia
750 2362 791 2397 et
837 2358 1011 2410 capella
1061 2358 1247 2398 Henrici
1296 2357 1499 2398 lemer
1546 2356 1725 2409 militis,
1788 2360 1830 2396 et
1884 2355 2120 2396 dicebatur

466 2431 720 2471 Dweholm.
785 2430 876 2481 Qui
911 2430 1138 2470 Henricus
1177 2430 1324 2470 factus
1364 2433 1430 2469 est
1461 2429 1598 2470 frater
1630 2428 1782 2468 minor
1813 2428 1999 2468 ibidem.
2064 2428 2119 2468 Et

464 2503 755 2543 intrauerunt
800 2503 960 2543 fratres
1003 2502 1236 2543 dominica
1270 2501 1520 2554 Trinitatis,
1568 2505 1799 2541 annuente
1840 2512 1941 2552 rege
1983 2500 2119 2540 Erico

469 2576 663 2615 Menwet
710 2579 751 2616 et
798 2579 942 2616 matre
990 2588 1071 2615 sua
1119 2571 1329 2626 Agnetess.
1394 2574 1553 2626 Ticho,
1601 2573 1846 2627 episcopus
1895 2572 2118 2626 Ripensis,

554 2690 587 2725 6.
618 2691 712 2734 post
742 2690 927 2725 minores
962 2690 1103 2725 vocula
1136 2688 1273 2734 aliqua
1307 2699 1422 2723 erasa
1456 2690 1522 2727 est,
1617 2688 1768 2732 Othon3
1803 2688 1846 2731 P,
1892 2687 2000 2733 quod
2027 2685 2117 2732 fort.

431 2748 587 2785 >etium
630 2746 911 2782 Othonienses
950 2746 1183 2794 significare
1218 2746 1359 2791 potest.
1437 2747 1471 2782 9.
1513 2746 1631 2781 vicus
1670 2745 1955 2788 occidentalis,
2002 2743 2120 2779 hodie

468 2803 727 2849 Vestergade.
830 2805 893 2840 22.
939 2815 1065 2850 supra
1115 2813 1396 2839 .M.cc.Lxxxv1.
1440 2804 1579 2849 postea
1626 2802 1819 2847 scriptum
1868 2804 1940 2837 est:
2002 2801 2118 2836 1296.

469 2862 531 2897 23.
552 2862 724 2907 ka'storp
741 2860 805 2909 (z
824 2862 1041 2908 Karstorp,
1061 2861 1181 2896 hodie
1199 2858 1516 2908 Kjaerstrup)P;
1550 2860 1742 2905 Kaestorp
1763 2859 1846 2894 GL.
1908 2859 1970 2895 26.
1996 2856 2118 2893 Verba

463 2918 699 2964 parenthesi
745 2919 900 2954 inclusa
950 2919 989 2954 in
1038 2917 1225 2963 maryine
1271 2917 1474 2963 adscripta
1528 2919 1624 2952 sunt
1668 2927 1739 2951 nec
1784 2915 1864 2951 huc
1907 2915 2116 2961 pertinent.

468 2976 530 3011 30.
565 2976 776 3010 dominica
808 2976 890 3017 Tr„
939 2976 959 3012 i.
993 2986 1020 3011 e.
1054 2974 1118 3011 23.
1151 2974 1216 3009 die
1247 2973 1362 3019 Maij.
1440 2975 1501 3010 31.
1534 2975 1704 3019 Agnete:
1751 2972 1827 3007 hoc
1867 2973 1991 3018 iqitur
2034 2972 2117 3006 loco

470 3032 691 3067 inserendae
736 3035 832 3068 sunt
877 3033 1026 3073 litteroe,
1075 3042 1177 3077 quas
1220 3033 1250 3067 Ρ
1299 3030 1339 3065 in
1384 3031 1452 3076 fol.
1488 3031 1584 3066 109U
1624 3029 1782 3065 exhibet
1828 3030 1880 3074 (S.
1917 3030 1960 3065 R.
1993 3030 2038 3064 D.
2078 3027 2114 3070 V,

466 3101 506 3135 ρ.
539 3089 630 3134 516,
653 3090 699 3125 31
718 3093 831 3136 sqq).
