2242 3551
414 968 454 998 10

414 1329 452 1361 15

410 2051 451 2081 25

477 182 530 221 32
817 190 1092 218 SCRIPTORES
1126 189 1351 218 HISTORIAE
1385 191 1560 218 DANICAE
1594 190 1794 218 MINORES

478 306 711 358 humilior,
746 307 919 359 quanto
952 303 1192 357 potentior,
1225 308 1351 344 tanto
1384 304 1624 355 benignior
1655 303 1874 344 omnibus
1903 303 2125 356 apparuit.

479 379 573 418 Hec
612 377 797 418 videbat
839 378 1044 428 Magnus,
1092 376 1213 416 filius
1253 377 1382 428 regis,
1433 382 1474 417 et
1512 377 1770 427 inuidebat3
1819 380 1860 416 et
1891 379 2129 416 excecatus

476 452 612 492 corde
654 450 860 502 concepit
905 449 1110 489 dolorem
1153 453 1193 489 et
1236 449 1409 502 peperit
1440 449 1740 502 iniquitatem.
1805 449 1923 488 Nam
1964 449 2127 488 ducem

476 523 601 576 apud
637 534 788 574 regem
833 522 987 562 multis
1031 521 1156 561 falsis
1206 521 1490 573 criminibus,
1538 534 1642 562 cum
1685 534 1787 561 vera
1830 534 1924 561 non
1968 520 2128 573 potuit,

479 596 736 636 accusabat.
801 596 908 635 Post
939 595 1037 644 hec,
1084 605 1189 633 cum
1230 605 1380 645 regem
1422 595 1644 634 aduersus
1678 607 1781 634 eum
1817 605 2003 633 mouere
2037 605 2128 632 non

478 672 643 721 posset,
688 671 926 720 assumpto
967 678 1122 706 secum
1157 667 1350 717 Magnus
1382 667 1584 720 quodam
1621 666 1818 706 Henrico
1853 666 2058 706 Skatelar
2089 668 2131 704 et

477 741 577 794 alijs
618 740 829 791 malignis
869 738 1059 779 insidias
1101 739 1139 778 ei
1183 751 1359 791 ponens
1390 739 1436 779 in
1471 739 1602 792 sylua
1636 738 1973 778 Haraldstathae
2006 737 2158 783 misit,

477 813 582 853 duci
629 812 864 859 nuncium,
914 811 991 865 qui
1041 824 1091 851 ea
1139 815 1270 851 nocte
1312 812 1433 864 apud
1479 811 1694 852 Ceciliam
1745 823 1948 851 sororem
1997 823 2128 850 suam

477 885 809 938 hospitabatur,
858 884 1032 935 fingens
1082 896 1127 923 se
1175 884 1333 924 secreti
1375 883 1551 936 consilij
1597 884 1739 936 gratia
1787 883 1825 923 ei
1873 882 1986 923 velle
2026 894 2130 922 con-

481 957 691 1007 fabulari,
723 957 963 1008 mandans,
997 960 1046 996 ut
1072 956 1226 996 nullus
1252 969 1499 1009 puerorum
1528 956 1673 1009 ipsius
1697 956 1945 996 interesset.
1994 955 2129 1005 Quod

479 1044 585 1072 cum
628 1030 830 1070 audisset
862 1028 1042 1080 Cecilia,
1090 1028 1270 1069 monuit
1312 1041 1430 1080 eum,
1478 1032 1527 1068 ut
1566 1027 1756 1068 omnino
1798 1041 1890 1068 non
1931 1028 2131 1067 crederet

480 1102 748 1144 huiusmodi
782 1101 1088 1141 suasionibus
1140 1102 1241 1141 Dux
1273 1101 1421 1153 igitur,
1453 1101 1626 1141 nullius
1659 1101 1872 1141 conscius
1906 1100 2015 1140 mali
2048 1112 2131 1139 nec

481 1187 582 1227 erga
630 1174 1023 1225 consanguineum
1073 1173 1383 1226 suspicionem
1433 1174 1622 1225 habens,
1669 1173 1742 1213 die
1781 1173 1989 1226 proxima
2030 1175 2132 1225 post

481 1247 776 1301 epiphaniam
811 1246 936 1286 solus
968 1245 1093 1285 abire
1125 1245 1254 1298 cepit.
1307 1245 1455 1295 Quem
1489 1258 1594 1301 cum
1628 1245 1756 1299 pueri
1790 1245 1919 1300 sequi
1950 1244 2131 1294 vellent,

481 1319 716 1373 prohibuit
748 1331 837 1358 eos.
895 1319 949 1358 At
980 1330 1084 1358 011111
1119 1317 1184 1357 1111
1216 1317 1416 1358 dicerent
1447 1323 1578 1371 turpe
1611 1331 1722 1370 esse,
1756 1319 1879 1371 quod
1912 1318 2004 1357 dux
2037 1329 2130 1356 non

480 1392 629 1432 solum
671 1404 757 1431 11011
798 1403 903 1431 011111
945 1390 1098 1443 pueris
1139 1391 1217 1430 sed
1258 1390 1393 1430 etiam
1428 1391 1524 1431 sine
1556 1391 1707 1441 gladio
1740 1391 1983 1441 incederet,
2030 1392 2130 1440 egre

478 1464 681 1517 gladium
715 1463 899 1516 accepit.
963 1463 1100 1503 Letus
1139 1462 1274 1514 igitur
1319 1467 1359 1502 et
1397 1463 1560 1514 alacer,
1605 1463 1884 1504 conscientia
1925 1463 2046 1502 bona
2090 1465 2132 1500 et

480 1537 567 1577 fide
600 1549 692 1576 non
726 1536 844 1587 ficta,
892 1535 1088 1575 occurrit
1122 1536 1302 1586 Magno,
1349 1540 1390 1575 et
1430 1548 1532 1575 vere
1573 1535 1619 1575 in
1654 1535 1856 1589 nequitia
1889 1546 2056 1586 magno
2090 1538 2130 1574 et

480 1610 620 1649 altero
654 1607 779 1648 Cain.
843 1608 991 1658 Quem
1025 1620 1130 1647 cum
1165 1608 1237 1648 ille
1270 1608 1565 1661 conspiceret,
1600 1607 1821 1660 processit
1853 1608 1892 1648 ei
1925 1607 2129 1658 obuiam,

481 1681 697 1721 salutauit
729 1684 769 1719 et
802 1680 1096 1720 osculabatur
1129 1680 1245 1719 sicut
1268 1681 1380 1720 alter
1406 1680 1543 1720 Iudas
1569 1680 1833 1729 dominum,
1867 1681 2130 1733 ducensque

479 1755 644 1794 ducem
702 1754 757 1793 de
812 1753 928 1791 saltu
986 1752 1044 1792 ad
1090 1752 1382 1792 remotiorem
1430 1753 1605 1793 locum:
1673 1753 1906 1803 »Frater«,
1969 1752 2130 1805 inquit,

484 1838 667 1866 »eamus
715 1829 755 1865 et
800 1825 1041 1864 sedeamus
1088 1824 1217 1864 illic«
1295 1825 1389 1864 13111
1439 1825 1611 1865 diutius
1659 1826 1805 1866 scelus
1854 1825 1990 1865 celari
2037 1838 2129 1865 non

480 1899 637 1951 potuit.
683 1899 875 1948 Magnus
901 1897 1065 1936 ducem
1091 1896 1406 1948 interrogauit:
1447 1898 1663 1948 »Kanute‚
1691 1898 1821 1938 cuius
1847 1901 1913 1938 est
1932 1897 2125 1937 Dacia5>«

481 1971 557 2010 Vir
604 1973 789 2009 sanctus
837 1968 1103 2021 simpliciter
1148 1969 1401 2021 respondit:
1456 1970 1650 2022 »Frater,
1696 1970 1988 2022 interrogatio
2028 1970 2130 2010 talis

479 2043 600 2082 unde
640 2042 775 2093 venit,
822 2046 864 2082 et
903 2054 994 2095 quo
1034 2041 1169 2081 habet
1213 2042 1487 2094 procedere?
1550 2043 1689 2083 Dacia
1731 2043 1851 2083 enim
1893 2042 2024 2082 cuius
2064 2046 2130 2082 est

479 2115 566 2155 nisi
614 2114 754 2167 patris
800 2113 895 2153 tui‘?
985 2113 1039 2152 Et
1086 2113 1188 2164 erit,
1247 2114 1470 2167 quamdiu
1518 2115 1739 2167 placuerit
1785 2116 1910 2155 deo.«
1998 2115 2129 2154 Tunc

482 2188 691 2238 Magnus:
732 2186 858 2226 »Non
893 2186 970 2236 310,
1004 2198 1094 2225 11011
1129 2185 1212 2225 sic!
1248 2198 1407 2226 omnes
1440 2191 1543 2239 post
1574 2191 1615 2226 te
1648 2188 1836 2238 vadunt,
1869 2191 1917 2227 tu
1948 2187 2070 2227 tollis
2102 2199 2125 2226 3

479 2259 610 2299 nobis
644 2259 796 2299 locum
830 2262 871 2298 et
901 2261 1095 2309 gentem,
1143 2261 1184 2296 et
1222 2258 1310 2297 hoc
1347 2258 1463 2298 inter
1496 2272 1579 2299 nos
1613 2261 1751 2300 modo
1784 2259 1950 2299 melius
1982 2259 2127 2299 diuidi

479 2335 662 2384 potest«
730 2331 813 2371 His
844 2330 976 2370 dictis
1009 2330 1101 2369 dux
1133 2334 1332 2370 armatos
1365 2331 1554 2383 aspexit,
1594 2335 1635 2371 et
1667 2332 1749 2372 ait:
1803 2332 1998 2379 »Frate1·,
2032 2331 2127 2381 scit,

565 2479 599 2515 6.
647 2479 852 2524 potuisset
901 2478 947 2513 1-1.
1037 2480 1224 2513 3331111110
1273 2477 1323 2512 M.
1409 2479 1442 2513 7.
1490 2478 1595 2514 silua
1645 2479 1690 2515 H.
1782 2479 2048 2514 Haralstathe
2088 2479 2127 2514 S.

449 2527 515 2571 '9.
561 2536 691 2581 gratia
741 2536 799 2579 M;
845 2544 971 2570 causa
1006 2535 1052 2570 H.
1138 2534 1198 2569 10.
1246 2544 1475 2579 puerorum
1523 2536 1656 2581 ipsius
1705 2537 1766 2581 M;
1813 2536 2125 2583 praecipuorum

477 2592 626 2640 (ortum
649 2592 742 2637 fori.
767 2602 815 2627 ex
838 2592 920 2638 ipio
946 2588 1167 2638 puqorum)
1192 2591 1238 2626 H.
1304 2591 1364 2627 11.
1394 2592 1536 2627 Cicilia
1563 2592 1600 2628 11.
1626 2593 1647 2628 I.
1668 2593 1715 2631 H.
1779 2604 1862 2628 non
1889 2593 2061 2628 0111111110
2081 2593 2126 2628 H.

482 2650 543 2685 12.
569 2650 651 2684 dux
675 2649 831 2684 nullius
854 2649 978 2694 igitur
1002 2649 1035 2683 H
1069 2647 1211 2694 (igitur
1233 2658 1309 2683 om.
1334 2647 1387 2691 S).
1459 2659 1534 2684 nec
1558 2650 1616 2693 M;
1650 2661 1733 2685 non
1758 2651 1804 2685 H.
1861 2650 1929 2685 ¹13.
1954 2650 2125 2692 habens,

478 2707 544 2742 die
578 2707 635 2749 M;
682 2706 838 2742 habuit.
885 2706 958 2740 Die
990 2714 1088 2750 ergo
1123 2705 1168 2740 H.
1247 2704 1308 2739 14.
1345 2705 1463 2750 pueri
1498 2706 1554 2750 M,
1600 2707 1804 2752 praecipui
1838 2707 1872 2742 H
1906 2705 2018 2751 (fort.
2050 2717 2127 2751 pro

478 2764 610 2809 ipsius
645 2763 788 2809 pueri).
857 2763 916 2798 15.
948 2762 1007 2797 illi
1042 2762 1097 2805 M;
1138 2761 1217 2807 ipsi
1252 2762 1297 2797 H.
1364 2763 1423 2797 16.
1457 2773 1539 2797 non
1574 2773 1669 2798 cum
1703 2764 1867 2809 scripsi;
1903 2774 1997 2798 cun]
2033 2763 2126 2807 CH;

478 2821 566 2856 sine
598 2830 698 2856 corr.
734 2819 877 2855 Arnas.
954 2820 1095 2865 pueris
1130 2819 1188 2862 M,
1223 2818 1447 2864 praecipuis
1482 2819 1527 2855 H.
1594 2821 1654 2857 17.
1688 2821 1815 2866 igitur
1848 2820 1907 2864 M,
1948 2829 2045 2866 ergo
2079 2820 2125 2855 H.

482 2877 658 2912 17--18.
687 2876 942 2912 conscientia
966 2906 971 2911 .
992 2905 997 2911 .
1017 2876 1124 2919 ficta,
1155 2874 1225 2919 cfr.
1258 2875 1312 2910 ad
1332 2874 1500 2911 Timoth.
1529 2887 1585 2921 ep.
1605 2877 1634 2921 I,
1661 2877 1695 2921 1,
1715 2878 1749 2912 5.
1813 2878 1873 2912 18.
1904 2886 2052 2921 magno
2072 2877 2126 2920 H,

479 2934 661 2969 maximo
695 2934 745 2968 M.
824 2934 884 2968 19.
918 2933 952 2967 ei
988 2933 1047 2975 M,
1096 2932 1173 2978 ipsi
1209 2932 1255 2968 H.
1334 2932 1396 2967 21.
1430 2932 1480 2966 ad
1516 2933 1574 2975 M;
1622 2934 1662 2969 in
1698 2935 1744 2970 H.
1827 2934 1890 2970 24.
1926 2933 1994 2968 Vir
2028 2933 2126 2977 MH,

479 2991 551 3026 Vix
584 2991 611 3026 S
649 2989 881 3037 (manifesto
915 2989 1006 3024 inde
1037 2992 1183 3027 orium,
1232 2988 1340 3033 quod
1373 2989 1498 3023 littera
1532 3000 1552 3024 r
1592 2990 1633 3025 in
1674 2991 1707 3026 H
1752 2992 1805 3026 ita
1837 2988 2037 3034 scribitur,
2086 2992 2127 3024 ui

476 3058 552 3092 pro
584 3059 606 3082 x
639 3047 768 3092 accipi
796 3046 943 3091 possm·
975 3046 1161 3081 similiter
1190 3044 1434 3090 Stephanum
1467 3046 1586 3080 etiam
1621 3047 1718 3082 alibi
1749 3047 1924 3087 errauit).
