2242 3551
555 238 698 270 vE‘rvs
731 240 956 271 CHRONICA
991 240 1228 272 siALANmE
1660 230 1713 272 63

295 359 383 403 Que
417 358 537 402 mala,
569 369 650 404 que
683 359 801 402 dura,
832 370 915 406 que
947 370 1030 395 non
1064 360 1283 396 toleranda
1319 360 1491 406 flagella,

294 430 435 463 eterne
467 428 548 464 vite
580 428 746 463 dulcem
780 428 987 474 gignentia
1022 428 1237 466 fructum?

292 507 374 543 que
407 496 530 541 bona,
562 507 644 543 que
676 496 769 542 leta,
800 507 882 543 que
915 508 999 533 non
1032 499 1216 534 iucunda
1250 498 1453 541 cauenda,

292 568 434 601 eterne
466 566 613 601 mortis
646 565 760 602 diras
792 566 997 612 parientia
1032 569 1193 614 penas?

291 634 390 669 Etas
422 634 620 679 humana,
651 635 848 681 quamuis
881 635 1088 682 prolixior
1118 639 1287 672 exstans
1741 640 1760 670 5

291 713 500 738 annorum
535 714 759 740 numerum
795 704 924 740 maris
956 709 1183 751 exequaret
1214 706 1367 749 arenis,

291 772 575 818 dispensanda
607 775 746 809 tamen
779 776 889 823 esset
920 773 1210 810 moderamine
1242 777 1381 819 cauto,

291 844 335 876 ut
367 841 602 878 deseruiret
633 844 776 878 eterne
808 845 893 878 tota
926 842 1063 887 saluti,

290 909 430 946 debita
461 910 686 957 colligeret,
719 911 931 947 obstantia
963 922 1131 958 queque
1163 915 1345 957 caueret,

291 982 335 1015 ut
366 980 532 1015 tandem
566 982 708 1026 posset
740 980 967 1017 succedere
1000 981 1083 1017 vita
1115 981 1366 1028 perhennis3
1740 985 1781 1016 10

289 1049 362 1084 sed
394 1058 490 1084 cum
523 1049 576 1085 sit
606 1051 720 1085 tante
752 1049 984 1095 breuitatis,
1017 1060 1113 1086 cum
1147 1050 1262 1087 velut
1293 1051 1455 1087 instans

285 1120 471 1154 transeat
503 1118 663 1165 absque
693 1129 825 1164 mora,
856 1129 952 1155 cum
979 1122 1188 1166 pretereat
1212 1120 1334 1166 quasi
1360 1120 1501 1157 fumus

288 1187 340 1222 ad
374 1187 587 1222 modicum
620 1198 787 1234 parens,
821 1188 917 1235 quis
949 1199 1159 1224 summam
1193 1189 1368 1235 deneget
1398 1200 1488 1226 esse

288 1255 514 1292 stulticiam
548 1255 649 1292 solis
681 1257 816 1303 ipsam
849 1267 1100 1293 consumere
1132 1258 1263 1303 vanis,

288 1325 396 1361 seria
430 1325 650 1372 negligere,
682 1326 803 1372 nugis
836 1326 1065 1371 intendere,
1098 1337 1196 1362 vera
1739 1333 1780 1363 15

287 1405 500 1441 spernere,
530 1394 635 1430 falsa
668 1395 799 1441 sequi,
831 1406 951 1431 sacra
984 1395 1185 1441 deuitare,
1218 1396 1395 1443 profana

287 1464 451 1508 sectari,
482 1474 622 1499 mores
654 1474 942 1511 corrumpere,
973 1465 1113 1511 turpia
1146 1465 1266 1510 velle,

287 1533 400 1569 celos
433 1532 662 1579 despicere,
694 1532 886 1569 flammas
919 1533 1235 1579 Phlegethontis
1268 1537 1437 1572 amare‘?

139 1647 373 1698 Quantam
398 1645 693 1686 deuotionem
717 1646 775 1686 ad
794 1646 1033 1687 dominam
1060 1650 1266 1687 nostram
1285 1647 1467 1689 beatam
1486 1649 1708 1702 virginem

56 1720 248 1760 Mariam
290 1719 516 1770 habuerit,
563 1719 797 1773 sequentie
836 1720 892 1760 de
932 1721 1092 1760 eadem
1133 1720 1307 1772 virgine
1347 1721 1544 1774 gloriosa
1587 1736 1710 1764 com·
1735 1731 1778 1761 20

55 1792 199 1846 posite
237 1792 387 1833 lucide
430 1790 739 1843 manifestant,
786 1805 873 1845 que
914 1792 974 1832 ita
1015 1791 1262 1846 incipiunt:
1309 1794 1494 1836 ‘Missus
1527 1796 1709 1837 Gabriel

56 1866 110 1906 de
141 1866 274 1918 celis',
318 1865 469 1906 ‘Stella
503 1865 645 1905 solem
680 1868 828 1918 preter
859 1869 1064 1918 morem'‚
1109 1870 1190 1907 etc.
1254 1867 1520 1909 Notandum
1555 1868 1708 1921 etiam,

56 1939 177 1991 quod
225 1938 403 1979 amicus
448 1937 588 1978 totius
634 1937 765 1984 boni,
821 1938 993 1979 scilicet
1038 1939 1264 1991 Andreas,
1327 1941 1708 1994 metropolitanus

57 2010 295 2051 Danorum
329 2010 578 2065 Suecieque
610 2010 798 2063 primas,
845 2011 1128 2063 auctoritate,
1175 2016 1225 2052 ut
1261 2013 1435 2053 dictum
1469 2018 1546 2066 est,
1594 2014 1709 2067 lega-

55 2082 190 2124 tionis
223 2084 343 2124 sedis
374 2083 624 2137 apostolice
650 2083 768 2124 inter
790 2084 991 2136 plurima
1015 2084 1251 2137 beneficia,
1284 2099 1372 2139 que
1397 2086 1708 2139 indigentibus
1734 2096 1777 2126 25

56 2160 97 2196 et
122 2155 299 2197 miseris
322 2156 509 2208 largitus
538 2160 616 2208 est,
649 2157 786 2196 etiam
812 2157 901 2197 hoc
925 2155 1148 2209 adiunxit,
1182 2159 1306 2211 quod
1332 2159 1708 2212 quadragesimas

57 2231 97 2268 et
128 2228 296 2269 ieiunia
331 2229 592 2280 mulierum,
631 2242 719 2282 que
758 2228 902 2270 inuite
934 2233 976 2269 et
1007 2230 1287 2271 dormientes
1319 2230 1517 2272 infantes
1550 2243 1707 2272 secum

56 2300 274 2341 habentes
306 2301 588 2354 opprimunt,
636 2301 834 2342 multum
867 2302 1106 2354 deminuit,
1152 2303 1268 2344 sicut
1300 2304 1523 2344 hactenus
1556 2305 1708 2344 obser-

56 2376 201 2414 uatur.
265 2373 350 2414 Sed
393 2374 495 2427 quis
535 2374 672 2426 digna
713 2374 761 2414 in
800 2375 913 2415 tanti
956 2375 1040 2416 viri
1080 2376 1266 2416 laudem
1298 2377 1552 2429 depromat,
1600 2389 1706 2417 cum

57 2444 191 2485 etiam
223 2446 349 2498 virgo
390 2459 417 2487 a
454 2446 827 2487 familiarissimis
869 2447 963 2488 suis
996 2452 1038 2488 et
1069 2447 1320 2489 verissimis
1363 2449 1706 2489 confessoribus
1732 2456 1775 2486 30

57 2520 98 2556 et
135 2517 224 2558 fide
263 2518 411 2570 dignis
453 2518 500 2559 in
540 2523 633 2560 tota
674 2519 765 2560 vita
798 2532 881 2560 sua
913 2520 1222 2573 permansisse
1255 2524 1515 2561 asseratur?
1577 2522 1706 2562 Unde

56 2589 353 2632 versificator:

287 2704 350 2740 Tu
382 2704 459 2740 flos
492 2704 690 2750 dulcoris,
721 2709 766 2742 tu
799 2717 883 2751 vas,
915 2708 958 2742 tu
992 2705 1155 2742 fructus
1188 2707 1376 2751 honoris,

401 2773 556 2819 presul,
589 2784 644 2818 es,
675 2774 851 2819 Andrea,
884 2778 927 2811 tu
962 2775 1200 2811 Scaniensis
1233 2776 1383 2811 honor.

288 2841 362 2885 Tu,
393 2842 545 2877 virtute
578 2843 719 2878 virens
751 2843 999 2890 placidoque
1030 2844 1172 2890 vigore
1205 2844 1350 2889 virilis,
1730 2849 1772 2879 35

404 2910 586 2946 nominis
618 2912 793 2957 exponis
826 2912 1057 2958 significata
1090 2913 1163 2948 tui.

143 3013 176 3047 4.
209 3012 336 3048 duras
357 3012 405 3048 Μ.
469 3013 504 3049 6.
539 3017 727 3060 exaequet
745 3015 796 3050 M.
861 3015 1040 3051 21—22.
1074 3015 1341 3051 manifestant
1366 3017 1441 3051 etc.
1466 3016 1512 3061 H,
1545 3016 1704 3051 omissis

57 3066 198 3103 deinde
230 3068 357 3105 verbis
388 3080 469 3115 que
501 3070 799 3107 ita..morem‘
833 3074 907 3107 etc.
980 3072 1043 3108 24.
1076 3072 1331 3108 authoritate
1365 3073 1411 3108 H.
1489 3073 1551 3108 28.
1585 3073 1702 3108 dimi—

59 3124 146 3159 nuit
178 3125 229 3161 M.
294 3126 356 3162 29.
392 3127 431 3162 in
465 3127 632 3163 laudem
666 3129 769 3164 tanti
803 3128 878 3164 viri
910 3129 955 3164 H.
1019 3129 1068 3164 33
1102 3140 1206 3175 sqq:
1238 3129 1285 3165 de
1315 3129 1379 3165 his
1412 3129 1589 3165 versibus
1623 3130 1698 3164 vid.

56 3180 173 3216 editio
205 3192 293 3217 mea
324 3183 518 3219 Exameri
550 3184 591 3219 in
619 3185 876 3230 praefationis
904 3196 943 3231 p.
976 3185 1111 3222 XXIII.
1176 3186 1240 3222 35.
1273 3187 1381 3222 vires
1414 3186 1580 3231 placido
1611 3187 1701 3223 ΜΗ.
