2242 3551
413 939 453 970 10

415 1302 455 1333 15

414 1871 456 1902 20

414 2237 457 2267 25

298 2308 372 2341 Fol.
388 2305 459 2340 lfiv.

416 2597 459 2628 30

483 146 562 186 182
825 157 1100 186 SCRIPTORES
1134 157 1362 186 HlsTornAE
1395 156 1572 185 DANICAE
1605 156 1805 185 Minonsss

480 277 690 313 tenemur
730 284 946 322 annuere,
994 271 1037 311 in
1083 271 1153 311 his
1186 271 1401 324 precipue
1435 271 1641 325 negotijS,
1689 284 1778 325 que
1811 284 1863 312 ex
1896 272 2020 313 fonte
2052 272 2141 325 pie-

480 345 585 385 tatis
619 346 865 398 procedere
898 348 939 385 et
972 357 1231 397 pauperum
1266 344 1435 385 Christi
1469 345 1677 397 proficuo
1712 348 1967 385 noscuntur
1998 345 2140 385 inten-

480 418 599 458 dere.
650 418 842 458 Factum
869 417 1023 471 itaque
1043 417 1270 459 Suenonis
1288 417 1548 458 Arusiensis
1575 416 1779 470 episcopi
1806 417 2141 470 collaudamus,

480 492 604 546 quod
631 491 679 531 in
706 495 861 532 nostra
887 490 1115 547 presentia
1142 504 1265 531 anno
1288 490 1347 531 ab
1369 489 1688 531 incarnatione
1711 489 1889 530 domini
1912 479 2141 532 §.Sixssxffi

480 564 573 605 VI‘0
606 565 673 605 ΚῘ.
709 564 991 618 Septembris
1031 563 1148 615 fecit,
1197 564 1498 604 elemosinam
1540 576 1672 604 suam
1713 563 1871 615 griseis
1914 564 1968 603 de
2007 564 2141 605 Cara-

481 637 631 678 insula
688 637 931 678 monachis
983 637 1240 689 largiendo,
1303 637 1503 689 quedam
1552 636 1765 677 uidelicet
1813 636 1992 690 predia,
2054 650 2143 691 que

481 710 647 763 partim
690 710 953 764 patrimonij
995 710 1106 757 iure,
1155 709 1321 763 partim
1364 709 1597 763 emptione
1629 709 1842 757 obtinuit,
1890 708 1935 749 in
1971 710 2143 750 uillulis

479 783 600 824 istis:
638 784 852 836 Karlebu,
897 784 1151 836 Attethorp,
1200 783 1450 836 Ogethorp,
1500 783 1739 834 Rozmose,
1788 782 1952 835 Ening,
2002 783 2143 835 Hage-

480 857 623 909 thuet,
675 856 928 908 Hildestad,
976 856 1165 910 insuper
1212 859 1365 896 autem
1415 859 1455 896 et
1501 855 1708 896 iumenta
1750 855 1991 907 indomita,
2038 869 2144 910 que-

481 943 663 984 cunque
711 930 749 970 ei
797 930 842 970 in
884 929 1226 971 Sundrehereth
1275 928 1503 982 pertinere
1546 932 1812 969 noscuntur.
1881 929 2017 980 Quod
2061 942 2143 969 nos

481 1003 684 1057 quidem,
731 1003 837 1057 quia
882 1004 1089 1044 consulte
1132 1006 1173 1042 et
1205 1015 1258 1043 ex
1290 1002 1386 1042 sola
1421 1001 1668 1043 deuotione
1702 1002 1874 1042 factum
1910 1002 2143 1054 nouimus,

481 1076 766 1117 omnimodis
798 1076 1115 1130 approbamus
1149 1079 1203 1127 et,
1237 1088 1293 1116 ne
1325 1075 1383 1115 ab
1415 1075 1571 1128 aliquo
1605 1075 1651 1115 in
1682 1075 1862 1115 irritum
1888 1078 2143 1127 reuocetur,

482 1149 602 1201 regia
643 1149 914 1190 auctoritate
957 1149 1218 1190 munientes
1250 1148 1540 1190 roboramus.
1605 1149 1741 1200 Quod
1775 1147 1919 1202 siquis
1951 1147 2144 1188 forsitan

481 1221 725 1274 infringere
757 1227 836 1263 aut
869 1236 1095 1264 euacuare
1128 1221 1473 1276 presumpserit,
1521 1221 1637 1262 sicut
1677 1221 1835 1262 diuine
1874 1221 2037 1262 ultioni
2071 1234 2143 1262 ex-

482 1296 855 1337 communicatus
903 1296 1140 1337 subiacere
1185 1309 1277 1336 non
1318 1295 1580 1347 ambigitur,
1627 1294 1688 1335 ita
1731 1294 1850 1347 regie
1893 1293 2144 1335 maiestatis

484 1368 657 1409 offense
690 1369 924 1410 subiectus
956 1369 1245 1422 reprimatur.

1175 1530 1273 1576 Cap.
1309 1529 1464 1565 XXVII.

777 1609 1049 1655 Priuilegium
1085 1610 1244 1645 domini
1278 1610 1590 1656 archiepiscopi
1624 1610 1859 1648 Absalonis.

578 1681 829 1768 Absalon,
876 1715 948 1756 dei
995 1715 1139 1767 gratia
1184 1719 1339 1755 sancte
1379 1714 1640 1756 Lundensis
1689 1715 1877 1756 ecclesie
1924 1714 2140 1767 archiepi-

485 1802 667 1843 scopus,
713 1788 964 1842 apostoliee
1012 1788 1133 1829 sedis
1180 1788 1367 1841 legatus,
1417 1787 1601 1829 Suethie
1650 1788 1837 1841 primas,
1885 1787 2050 1827 dilecto
2098 1786 2142 1826 in

485 1862 666 1904 Christo
701 1861 1012 1914 Willelmo,
1046 1861 1201 1902 abbati
1235 1862 1289 1902 de
1324 1861 1608 1913 Carainsula,
1642 1861 1895 1915 ceterisque
1927 1859 2144 1901 fratribus

485 1935 675 1975 domino
738 1934 853 1975 inibi
915 1934 1221 1975 militantibus
1283 1935 1478 1975 salutem
1539 1946 1645 1974 cum
1709 1938 1899 1988 paterno
1963 1933 2143 1973 affectu.

486 2007 685 2049 Prouida
719 2012 901 2061 patrum
936 2007 1141 2049 decreuit
1179 2007 1430 2061 antiquitas
1468 2008 1525 2048 ad
1558 2020 1812 2060 prauorum
1844 2006 2144 2047 refrenandos

484 2081 697 2132 insultus,
745 2094 801 2121 ne
847 2081 893 2121 in
942 2081 1181 2122 honestius
1222 2080 1402 2121 statutis
1443 2081 1603 2121 dolum
1651 2083 1921 2133 attemptent
1964 2079 2143 2128 cudere,

485 2153 870 2195 commendabilis
903 2167 1000 2195 esse
1033 2153 1300 2205 nobilitatis,
1348 2153 1601 2194 intentione
1644 2156 1881 2206 perspecta
1913 2150 2144 2201 donantis,

485 2238 573 2279 que
616 2226 730 2267 bene
768 2230 891 2278 gesta
934 2231 1054 2279 sunt,
1101 2227 1372 2279 approbare,
1419 2226 1709 2267 communire
1751 2238 1833 2279 pro
1872 2224 2051 2265 uiribus
2091 2236 2145 2264 ae

485 2299 774 2340 confirmare.
838 2299 922 2340 Vix
955 2300 1075 2340 enim
1120 2296 1270 2352 tanlltis
1302 2303 1382 2339 aut
1412 2303 1477 2339 tot
1509 2299 1619 2352 quid
1652 2298 1875 2352 reperitur
1907 2296 2145 2351 uigoribus

486 2371 720 2425 stipatum,
768 2372 879 2425 quin
918 2373 974 2412 ad
1017 2373 1063 2412 id
1105 2372 1281 2413 laboret
1321 2371 1589 2425 calumpnia
1621 2371 1986 2411 dissoluendum.
2050 2369 2144 2410 Nos

485 2444 652 2498 itaque,
699 2445 975 2498 propensius
1015 2445 1248 2499 pontificis
1288 2444 1427 2485 uestri
1469 2444 1695 2485 Suenonis
1735 2444 1813 2484 diu
1854 2440 2144 2484 memorandi

485 2517 731 2558 deuotione
763 2517 1069 2569 considerata,
1117 2519 1227 2558 dum
1267 2517 1330 2557 nil
1363 2521 1511 2570 preter
1543 2517 1693 2557 zelum
1726 2516 1918 2568 domini,
1967 2516 2030 2556 nil
2062 2515 2144 2555 illi-

486 2589 643 2642 citum,
676 2590 753 2639 nil,
790 2591 914 2644 quod
947 2590 1046 2632 iure
1077 2589 1277 2643 genujno
1311 2589 1472 2630 liuoris
1505 2589 1646 2629 emuli
1678 2589 1858 2643 possint
1888 2588 2143 2638 corrodere,

485 2662 531 2702 in
572 2662 669 2703 eius
709 2663 957 2704 donatione
990 2662 1375 2716 perspexerimus,
1422 2675 1512 2715 qua
1546 2674 1744 2715 superne
1781 2661 1920 2714 gratie
1953 2661 2142 2701 obtentu

488 2739 662 2788 partem
696 2735 1065 2789 conquisitorum
1098 2735 1232 2787 licite,
1273 2736 1351 2775 sed
1391 2739 1433 2776 et
1464 2734 1765 2788 optimatibus
1796 2734 1923 2786 regni
1955 2746 2143 2774 consen-

485 2808 704 2849 tientibus
728 2812 865 2862 atque
891 2807 1194 2861 presentibus,
1228 2807 1361 2848 uobis
1394 2807 1600 2859 contulit,
1633 2807 1794 2847 celitus
1819 2807 1953 2847 nobis
1978 2807 2142 2847 collata

487 2880 756 2921 auctoritate
794 2880 970 2934 prefato
1009 2881 1131 2931 loco,
1179 2892 1359 2920 necnon
1408 2884 1449 2920 et
1496 2879 1713 2920 fratribus
1760 2879 1935 2920 ordinis
1983 2878 2142 2920 Cister-

577 3036 638 3071 26.
674 3036 862 3082 reppitur
894 3036 940 3072 C.
1005 3037 1067 3072 30.
1100 3037 1282 3082 genuino
1316 3036 1464 3072 liuoris
1489 3051 1531 3067 Ξ
1555 3036 1678 3071 dente
1710 3036 1871 3073 liuoris.
