2242 3551
357 958 397 988 10

354 1323 393 1353 15

162 1683 324 1718 F01.11V.
350 1687 392 1718 20

349 2244 392 2274 25

347 2607 389 2638 30

345 2969 387 2999 35

432 169 512 210 174
773 181 1049 211 SCRIPTORES
1083 182 1310 212 HISTORIAE
1343 183 1519 213 DANICAE
1551 183 1751 213 MINORES

428 300 471 337 et
502 297 557 337 de
590 297 759 350 quibus
791 296 952 337 fratres
985 299 1160 338 nullam
1195 299 1528 341 restitutionem
1569 313 1713 354 usque
1754 299 1892 341 hodie
1930 312 2085 341 conse-

428 369 520 410 cuti
553 374 672 421 sunt,
719 370 836 410 sicut
879 383 963 411 nec
994 371 1050 411 de
1081 375 1199 412 terra
1233 372 1278 412 in
1314 373 1494 420 Culsne,
1529 373 1710 414 ualente
1745 379 1870 413 .11110‘.
1905 386 2084 414 marcas

426 442 541 489 auri,
587 456 676 496 que
723 456 802 496 per
842 443 1110 484 uiolentiam
1152 445 1289 486 etiam
1330 446 1480 486 ablata
1530 450 1594 487 est
1636 446 1808 486 eisdem
1852 446 2083 487 fratribus.

428 516 493 556 De
525 515 694 569 quibus
727 516 959 565 omnibus,
992 518 1103 557 dum
1138 532 1262 559 nunc
1294 519 1382 559 alia
1416 519 1675 571 scribimus,
1711 523 1814 572 post
1846 519 1891 559 in
1925 519 2084 559 litteris

425 589 603 629 domini
643 589 883 642 apostolici
923 589 1143 632 dicemus.
1207 592 1347 644 Igitur
1388 592 1548 632 fratres
1588 591 1741 633 statim
1789 592 1934 632 relatu
1974 592 2082 631 ami-

426 674 585 702 corum
640 675 831 702 suorum
887 666 1104 703 conatum
1161 665 1365 705 mulieris
1413 668 1762 717 cognoscentes,
1816 664 2083 705 conuocatis

425 735 608 775 duobus
648 735 955 776 familiaribus
996 736 1105 788 suis,
1153 737 1344 779 Nicolao
1384 739 1506 779 Noth
1548 742 1589 778 et
1631 738 1732 791 Glip
1774 738 1829 778 de
1861 737 2082 787 Ahbarth,

424 809 649 848 dederunt
688 808 750 848 eis
790 812 958 848 terram
1000 809 1043 849 in
1081 810 1269 863 Mesing,
1318 812 1547 852 ualentem
1582 823 1633 851 .x.
1676 823 1855 851 marcas
1895 810 2082 863 argenti,

423 881 483 921 ita
526 885 573 921 ut
613 881 832 922 Nicolaus
873 882 1060 922 haberet
1098 895 1188 923 vl11.
1234 896 1413 924 marcas
1460 888 1500 924 et
1540 884 1642 937 Glip
1687 885 1818 935 duas,
1865 883 2084 937 quatinus

424 953 509 1006 ipsi
553 953 784 995 efficerent
823 955 946 1008 apud
991 967 1157 1008 regem,
1205 962 1252 997 ut
1294 957 1368 997 uel
1407 961 1573 997 terram
1616 969 1748 997 suam
1790 956 1836 996 in
1872 955 2089 997 Hathelef

422 1026 642 1079 reciperet
694 1028 788 1079 uel,
850 1031 1075 1082 quantum
1134 1029 1290 1079 uellet,
1353 1031 1408 1071 de
1467 1030 1840 1083 possessionibus
1900 1028 2083 1070 clavstri

422 1099 623 1147 haberet,
671 1104 711 1140 et
758 1100 844 1153 ipsi
885 1101 1045 1141 fratres
1083 1102 1357 1143 rehaberent
1399 1104 1515 1144 duas
1556 1107 1706 1157 partes
1749 1104 1804 1144 de
1837 1103 1998 1154 Weng,
2042 1105 2083 1142 et

421 1177 526 1220 rete,
560 1174 683 1226 quod
717 1173 780 1214 eis
813 1174 1075 1226 parabatur,
1109 1175 1280 1216 euitare
1314 1180 1512 1229 possent.
1562 1175 1812 1217 Confestim
1848 1176 2001 1228 itaque
2036 1175 2081 1214 hi

421 1245 513 1285 duo
547 1258 651 1286 cum
687 1246 914 1287 celeritate
948 1261 1027 1301 per
1063 1247 1273 1289 Fioniam
1315 1253 1356 1290 et
1389 1249 1652 1290 Selandiam
1686 1248 1881 1289 insecuti
1915 1259 2081 1300 regem,

422 1322 464 1357 et
496 1332 633 1372 super
664 1320 850 1360 instanti
880 1321 1060 1373 negotio
1087 1321 1240 1374 sepius
1270 1323 1611 1373 conuenientes,
1636 1323 1822 1362 tandem
1848 1321 2083 1361 nimietate

422 1392 757 1443 promissorum
793 1406 896 1433 eum
932 1398 1214 1447 superantes,
1264 1396 1319 1435 ad
1363 1396 1450 1435 hoc
1489 1395 1827 1448 compulerunt,
1876 1398 1921 1434 ut
1955 1393 2080 1434 aliud

421 1465 746 1505 concambium
783 1466 961 1517 faceret,
996 1467 1040 1506 in
1075 1480 1166 1520 quo
1200 1468 1360 1508 fratres
1393 1472 1662 1521 receperunt
1694 1468 1811 1508 duas
1843 1471 1994 1520 partes
2027 1467 2082 1506 de

420 1536 581 1589 Weng,
615 1543 654 1578 et
689 1551 763 1578 rex
788 1543 954 1579 terram
983 1552 1142 1580 eorum
1168 1540 1215 1580 in
1243 1530 1516 1592 Eskingbec,
1543 1541 1774 1581 ualentem
1800 1553 1873 1580 .111.
1902 1552 2079 1581 marcas

419 1610 532 1661 auri,
580 1615 621 1650 et
663 1611 798 1652 uillas
837 1612 947 1652 istas
990 1613 1197 1665 Fardale,
1245 1614 1477 1666 Smaheng
1517 1618 1558 1654 et
1601 1614 1733 1654 Wole
1781 1612 1991 1666 optinuit,
2039 1616 2081 1651 et

420 1681 540 1722 filius
574 1683 672 1724 eius
707 1685 916 1725 Kanutus
949 1685 1045 1726 iure
1078 1686 1354 1727 hereditario
1388 1690 1491 1740 post
1518 1699 1645 1735 eum;
1677 1690 1720 1727 et
1743 1686 1840 1740 ipse
1867 1682 2080 1739 morillens

421 1755 544 1795 dedit
577 1756 807 1810 Smaheng
841 1762 883 1798 et
913 1758 1046 1799 Wole
1078 1759 1336 1800 concubine
1369 1773 1462 1800 sue.

1117 1908 1214 1954 Cap.
1245 1908 1385 1944 xvui.

514 1985 665 2021 Littere
700 1987 859 2022 domini
892 1988 1114 2034 apostolici
1149 1989 1200 2024 ad
1235 1998 1372 2035 regem
1408 2000 1484 2036 pro
1517 1989 1778 2025 ornamentis
1811 1988 1985 2024 ecclesie

893 2057 943 2092 de
976 2057 1106 2104 Weng
1138 2061 1177 2093 et
1209 2061 1321 2094 terra
1355 2058 1405 2093 de
1438 2058 1602 2094 Culsne.

512 2121 802 2201 Alexander
834 2161 1093 2215 episcopus,
1142 2176 1304 2203 seruus
1342 2176 1583 2204 seruorum
1617 2164 1703 2216 dei,
1750 2163 1996 2204 karissimo
2030 2164 2075 2203 in

420 2232 601 2273 Christo
648 2232 743 2273 filio
783 2235 1094 2286 Waldemaro,
1142 2236 1302 2276 illustri
1350 2237 1589 2276 Danorum
1638 2236 1745 2288 regi,
1792 2237 1987 2277 salutem
2035 2240 2076 2276 et

418 2305 718 2358 apostolicam
781 2307 1162 2348 benedictionem.
1255 2309 1446 2349 Nouerit
1507 2309 1773 2350 excellentia
1802 2295 1928 2361 Vtua,
1990 2322 2073 2349 nos

418 2378 762 2419 uenerabilibus
802 2379 1018 2420 fratribus
1061 2381 1243 2433 nostris,
1292 2381 1495 2422 Suenoni
1528 2382 1763 2422 Arusiensi
1804 2385 1846 2422 et
1885 2381 2075 2422 Nicolao

417 2450 704 2502 Wibergensi
752 2453 1000 2505 episcopis,
1061 2453 1109 2493 in
1156 2454 1388 2494 mandatis
1436 2455 1636 2506 dedisse,
1699 2455 1822 2508 quod
1870 2454 2073 2495 nobilem

418 2522 655 2563 mulierem
691 2525 992 2576 Margaretam
1037 2526 1275 2577 diligenter
1314 2531 1356 2567 et
1396 2528 1599 2568 studiose
1637 2531 1978 2577 commoneant,
2027 2530 2075 2567 ut

416 2594 593 2635 dilectis
640 2596 744 2649 filijs
792 2598 961 2638 nostris
1005 2599 1203 2639 Brienno
1250 2599 1404 2640 abbati
1453 2604 1495 2640 et
1540 2600 1758 2640 fratribus
1806 2599 2069 2652 monasterij

416 2671 570 2708 sancte
620 2669 760 2709 Marie
806 2671 861 2711 de
910 2670 1049 2711 Calue
1106 2675 1275 2712 terram
1331 2673 1386 2712 de
1434 2673 1621 2723 Culsne,
1683 2685 1823 2726 quam
1879 2672 1943 2713 eis
1993 2685 2073 2725 per

408 2739 684 2781 (uiolentiam
731 2742 898 2782 dicitur
943 2743 1200 2795 abstulisse,
1248 2757 1331 2785 nec
1371 2758 1462 2785 non
1505 2750 1546 2785 et
1587 2748 1859 2786 ornamenta
1904 2757 1986 2785 sua
2025 2745 2071 2784 in

415 2813 605 2853 ecclesia
637 2814 692 2854 de
726 2815 886 2867 Weng,
927 2829 1029 2869 que,
1065 2816 1182 2856 sicut
1214 2817 1496 2869 audiuimus,
1529 2822 1705 2858 armata
1738 2831 1880 2857 manu
1913 2829 2071 2870 rapere

415 2888 456 2924 et
487 2890 721 2937 asportare
754 2888 1047 2941 presumpsit,
1094 2889 1269 2942 absque
1308 2889 1527 2930 dilatione
1570 2891 1776 2931 restituat
1808 2894 1850 2930 et
1882 2889 1926 2929 in
1960 2901 2070 2941 pace

414 2956 625 3007 dimittat,
658 2962 736 2998 aut
763 2960 849 2999 sub
876 2960 1200 3001 iamdictorum
1227 2961 1551 3015 episcoporum
1577 2963 1787 3003 examine
1814 2965 2068 3002 memorato

503 3055 566 3091 19.
599 3055 701 3091 istas
733 3068 858 3104 supra
893 3070 990 3095 vers,
1024 3059 1115 3096 add.
1148 3059 1182 3096 C
1216 3070 1265 3097 m.
1302 3062 1335 3097 1.
1424 3062 1623 3108 optunuit
1655 3060 1689 3097 C
