2242 3551
602 236 744 264 VETvs
776 234 1002 263 CHRONICA
1036 234 1273 262 smmNDffi
1399 249 1401 251 ·
1703 221 1756 259 25

107 352 325 393 transitus
357 351 514 391 diuina
549 348 837 403 prouidentia
873 347 1090 399 largiente
1123 346 1442 386 assistentibus
1484 346 1757 396 predicebat,

106 427 258 466 locum
306 424 369 464 eis
415 422 669 474 assignans,
717 434 808 474 quo
852 420 1034 460 humari
1077 420 1275 472 optabat.
1350 418 1638 458 Intuentibus
1687 418 1757 457 his

106 497 193 538 loci
247 496 640 549 importunitatem
698 497 740 533 et
791 492 1132 532 affirmantibus
1186 491 1417 530 neminem
1467 490 1529 530 ibi
1578 490 1755 542 sepeliri

107 582 252 623 posse,
300 568 380 608 ait:
433 566 646 607 »Domini
690 570 756 606 est
787 569 926 613 terra;
974 563 1051 617 qui
1094 567 1134 604 et
1173 563 1209 603 si
1250 564 1355 603 inde
1395 576 1466 603 me
1508 562 1757 615 proiecerit,

105 645 227 682 extra
260 639 545 681 cemiterium
578 638 802 691 sepelite«
869 637 1000 689 Regis
1033 649 1182 676 sermo
1215 635 1512 687 adimpletur:
1548 635 1633 682 die,
1667 648 1755 687 qua

106 713 373 767 predixerat,
423 711 635 761 moritur3
683 710 761 751 ubi
802 709 992 763 optauit,
1040 708 1277 761 sepelitur3
1325 712 1367 748 et
1413 708 1558 748 factus
1606 711 1671 747 est
1712 707 1756 747 in

106 799 216 839 pace
262 786 390 826 locus
436 784 546 825 eius.
611 783 818 824 Mirabile
861 782 1159 822 miraculum:
1210 781 1337 821 locus
1378 780 1466 831 ille,
1511 780 1587 833 qui
1631 781 1755 820 omni

107 862 287 899 mortuo
320 857 512 898 illocalis
544 860 676 897 antea
710 855 891 906 exstitit,
924 866 1025 905 rege
1053 853 1230 906 sepulto
1257 853 1499 893 cuiuslibet
1527 853 1758 905 sepulture

106 932 161 972 de
193 935 342 972 cetero
375 929 484 970 satis
517 932 650 982 aptus
683 928 935 982 apparuit«

194 1004 258 1043 De
291 1003 450 1043 eodem
486 1001 620 1042 Erico
652 1001 713 1041 ita
747 1000 909 1053 legitur
942 1001 988 1040 in
1022 999 1168 1041 Gestis
1202 1000 1462 1039 Danorum:
1501 999 1757 1049 »Regnante

106 1090 158 1117 eo
191 1087 405 1128 agrorum
439 1075 624 1115 habitus
665 1074 711 1114 in
754 1077 929 1113 tantam
964 1073 1218 1113 ubertatem
1252 1071 1456 1122 excessit,
1505 1074 1552 1110 ut
1592 1070 1757 1122 singuli

106 1161 286 1190 annone
327 1147 467 1200 modij
508 1147 696 1187 totidem
739 1145 940 1198 denarijs
980 1148 1361 1198 permutarentur.
1435 1144 1518 1184 Sed
1568 1147 1609 1182 et
1655 1155 1759 1182 con-

106 1221 247 1265 tinuis
290 1220 414 1272 regni
456 1219 601 1272 ipsius
641 1218 774 1258 annis
816 1219 975 1258 eadem
1017 1217 1137 1269 agris
1177 1218 1362 1257 ubertas
1395 1216 1591 1257 incessit.
1655 1215 1758 1265 Quo

110 1293 274 1345 euenit,
321 1297 370 1333 ut
416 1305 508 1349 non
556 1292 706 1332 solum
755 1304 808 1331 ex
855 1304 1037 1331 morum
1087 1290 1165 1330 sed
1214 1289 1349 1330 etiam
1399 1303 1451 1329 ex
1497 1293 1758 1341 temporum

109 1366 423 1420 placidissimo
464 1378 549 1405 usu
586 1364 700 1404 Boni
743 1377 913 1404 nomen
945 1363 1252 1416 acciperet...
1275 1362 1423 1402 Huius
1457 1361 1540 1402 viri
1575 1361 1760 1400 virtutes

110 1438 377 1480 summatim
427 1450 700 1490 cognoscere
746 1436 868 1477 tedio
915 1449 1007 1476 non
1056 1435 1124 1475 sit.
1203 1436 1319 1475 Nam
1369 1438 1516 1487 preter
1562 1433 1760 1485 ingentia

48 1532 50 1535 ⁴
109 1511 251 1552 animi
284 1511 448 1552 decora
482 1510 791 1562 singularibus
825 1513 986 1549 nature
1018 1507 1312 1548 incrementis
1345 1511 1530 1547 euectus
1567 1505 1760 1546 admira-

109 1584 189 1624 bili
232 1583 437 1637 corporis
478 1582 795 1635 magnitudine
836 1595 888 1622 eo
928 1581 1211 1635 proceritatis
1252 1584 1518 1627 excesserat,
1567 1582 1614 1618 ut
1651 1582 1762 1618 cete-

110 1669 267 1697 rorum
303 1656 493 1696 vertices
525 1656 719 1695 humero
752 1658 998 1707 superaret.
1054 1653 1147 1693 Nec
1176 1652 1451 1704 longitudini
1485 1651 1761 1692 inconcinna

110 1729 315 1769 soliditas
361 1729 464 1779 fuit,
512 1732 561 1768 ut
606 1730 749 1767 totam
797 1726 895 1767 eius
941 1737 1211 1779 compagem
1260 1725 1551 1765 exactissimo
1600 1727 1760 1763 nature

109 1801 290 1853 ingenio
316 1801 600 1854 exsculptam
629 1800 1003 1852 elaboratamque
1030 1804 1241 1852 putares.
1262 1831 1269 1839 .
1291 1832 1298 1838 .
1319 1798 1473 1849 Igitur,
1500 1801 1546 1836 ut
1570 1808 1761 1848 corpore

111 1874 303 1925 nullum,
335 1873 396 1914 ita
429 1885 512 1913 nec
543 1873 708 1913 robore
732 1885 890 1924 parem
915 1871 1102 1911 habuit.
1124 1905 1131 1911 .
1153 1904 1159 1911 .
1182 1872 1321 1911 Haste
1346 1874 1425 1910 aut
1449 1868 1615 1922 lapidis
1640 1868 1761 1908 iactu

110 1947 273 1987 sedens
306 1950 475 1987 stantes
507 1945 736 1994 vincebat3
769 1957 917 1997 neque
949 1944 1014 1984 illi
1045 1944 1172 1995 situs,
1205 1943 1456 1998 quominus
1482 1939 1760 1982 fortitudinis

111 2032 189 2059 sue
223 2018 548 2071 experientiam
582 2018 745 2067 ederet,
786 2016 970 2057 officere
1003 2016 1162 2070 potuit.
1227 2017 1401 2056 Eodem
1435 2013 1641 2067 corporis
1673 2012 1761 2052 situ

111 2103 163 2130 ex
210 2090 543 2131 robustissimis
599 2090 716 2129 duos
771 2089 907 2129 simul
966 2089 1086 2129 lucta
1133 2087 1500 2140 aggrediebatur,
1557 2087 1761 2139 dumque

110 2163 303 2203 alterum
336 2166 605 2214 attrectaret,
651 2162 845 2202 alterum
885 2161 1077 2213 genibus
1116 2173 1388 2214 oppressum
1423 2159 1631 2210 urgebat,
1679 2169 1763 2197 nec

205 2358 234 2393 1.
267 2356 562 2393 assistentibus
595 2367 673 2392 om.
709 2356 754 2391 H.
819 2357 853 2391 4.
886 2356 957 2402 qui
991 2359 1029 2391 et
1063 2355 1120 2399 M,
1156 2356 1203 2390 Et
1236 2354 1282 2389 H.
1345 2354 1380 2388 5.
1412 2352 1674 2388 cemiterium
1707 2351 1763 2393 Μ;

114 2414 325 2450 ciuitatem
369 2425 433 2449 me
474 2413 520 2449 H.
603 2414 636 2449 8.
671 2413 803 2449 extitit
836 2413 882 2448 H.
968 2413 1009 2448 V.
1045 2412 1222 2455 10—26,
1244 2411 1291 2446 18
1323 2409 1763 2458 (Regnante..prose-

114 2473 358 2517 querentur)
402 2481 451 2506 ex
492 2470 667 2506 Saxonis
715 2469 817 2506 libro
856 2470 936 2507 XII.
985 2471 1043 2515 (p.
1086 2469 1176 2513 600,
1204 2468 1396 2507 16—602‚
1418 2467 1464 2503 11
1510 2466 1599 2502 edit.
1636 2465 1762 2509 Man.)

114 2528 288 2574 sumpsit
318 2530 472 2576 auctor,
504 2528 574 2573 qui
606 2527 731 2563 tribus
766 2529 900 2563 lamen
933 2527 1041 2570 locis,
1073 2537 1172 2572 quos
1199 2525 1362 2571 punctis
1387 2524 1540 2562 notaui.
1576 2523 1763 2569 quoedam

118 2584 235 2621 verba
267 2587 339 2621 aut
368 2585 550 2620 consulto
582 2584 719 2620 omisit
749 2587 830 2630 aut,
864 2584 972 2630 quod
1000 2583 1136 2629 potius
1167 2581 1420 2623 crediderim,
1454 2582 1494 2616 in
1528 2591 1601 2615 suo
1635 2580 1764 2615 Gesto-

115 2652 206 2677 rum
246 2642 379 2678 codice
418 2652 499 2677 non
541 2641 705 2677 inuenit.
768 2641 1077 2687 Discrepdntids
1114 2641 1324 2685 scripturoe
1364 2648 1412 2673 etr
1451 2640 1557 2673 textu
1589 2636 1764 2672 Saxonis

116 2698 216 2744 siylo
257 2700 292 2735 G
340 2700 500 2734 notatas
545 2698 611 2733 hic
658 2698 809 2744 adfero.
904 2699 965 2734 11.
1008 2698 1050 2732 in
1097 2697 1197 2737 MH;
1245 2696 1295 2731 ad
1337 2695 1383 2730 G.
1474 2695 1676 2730 excrescit
1717 2693 1763 2727 H.

121 2756 295 2795 11—12,
329 2756 479 2802 singuli
514 2755 737 2791 cuiuslibet
762 2766 927 2790 annone
946 2755 994 2797 G,
1026 2754 1179 2789 melius.
1244 2753 1305 2788 14.
1337 2752 1508 2787 alterum
1542 2762 1590 2787 ex
1620 2761 1696 2785 om.
1716 2750 1762 2785 G.

123 2813 180 2848 15.
212 2822 445 2859 cognomen
479 2813 514 2848 G
548 2812 702 2848 rectius.
779 2812 840 2848 16.
874 2812 994 2847 tedeo
1029 2811 1074 2846 H.
1158 2810 1322 2856 ingenia
1357 2810 1403 2851 H,
1450 2808 1517 2844 sed
1561 2808 1598 2843 in
1634 2818 1762 2852 mury.

116 2880 227 2905 nunc
279 2870 321 2905 in
374 2869 571 2916 ingentis,
629 2880 741 2905 nunc
793 2869 834 2904 in
889 2870 1067 2914 ingenua
1123 2866 1198 2915 (vel
1252 2864 1357 2914 -nui)
1415 2867 1634 2901 correctum
1697 2866 1761 2899 est.

121 2926 181 2962 19.
214 2926 401 2962 humeris
419 2927 466 2963 G.
530 2926 593 2961 20.
627 2926 891 2962 exactissimo
910 2925 1009 2969 MG;
1042 2925 1260 2971 aptissimo
1281 2925 1327 2958 H.
1392 2924 1455 2958 21.
1488 2921 1693 2957 excultam
1715 2921 1762 2956 G.

120 2983 182 3018 22.
215 2994 291 3019 nec
323 2983 422 3028 MG;
469 2994 553 3019 non
587 2983 621 3017 H
655 2981 707 3029 (et
737 2994 820 3018 non
855 2983 998 3018 iterum
1031 2983 1122 3017 ante
1154 2980 1300 3016 habuit
1335 2979 1448 3015 addit
1479 2979 1535 3025 S).
1604 2978 1667 3013 23.
1703 2977 1761 3012 illi

121 3039 218 3083 MG;
265 3041 345 3087 ipsi
379 3041 425 3076 H.
502 3041 565 3075 25.
610 3040 735 3075 simul
776 3050 853 3075 om.
895 3039 944 3076 G.
1034 3038 1357 3083 adgrediebatur
1399 3037 1443 3072 H.
1522 3035 1584 3070 26.
1618 3039 1765 3070 attrac-

120 3097 224 3132 taret
256 3097 290 3132 H
323 3092 522 3147 (attralret
555 3094 609 3143 S).
686 3107 978 3142 compressum
1012 3096 1060 3138 G,
1093 3095 1228 3129 minus
1261 3093 1368 3129 bene.

1786 1006 1826 1036 10

1788 1369 1828 1399 15

1787 1733 1829 1763 20
