2242 3551
606 194 748 225 VETvs
780 195 1008 225 cnnomcx
1041 194 1278 224 SIALANDIE
1709 184 1762 224 45

116 313 282 366 leprosi
322 312 489 353 fuerint
531 312 601 352 vel
644 310 880 351 emundati
923 310 992 350 vel
1026 311 1267 350 emendati.
1332 310 1521 350 Curauit
1561 311 1764 363 leprosos

117 384 322 425 Christus
349 385 483 425 Jesus
515 383 733 423 dominus
766 387 931 433 noster,
966 383 1072 422 Luc.
1107 395 1225 433 xvn„
1259 382 1337 422 ubi
1370 382 1431 422 ait
1462 381 1514 434 (ι).
1552 381 1636 434 14);
1672 382 1764 431 ‘Ite,

116 457 337 498 ostendite
370 470 450 498 vos
479 455 806 496 sacerdotibus,
857 455 911 494 Et
937 454 1106 495 factum
1135 459 1221 494 est:
1256 456 1367 495 dum
1395 455 1523 502 irent,
1557 455 1765 494 mundati

116 533 244 571 sunt'.
309 530 363 569 Et
395 529 600 582 sequitur
632 528 686 579 (υ.
724 529 808 580 17);
843 528 1022 568 ‘Nonne
1054 539 1079 566 x
1112 527 1322 567 mundati
1356 529 1490 567 sunt‘?
1522 531 1563 566 et
1597 539 1763 566 nouem

116 603 193 644 ubi
226 604 360 642 sunt‘?
407 602 509 642 Non
542 605 608 641 est
640 600 869 650 inuentus,
902 600 980 654 qui
1014 600 1179 639 rediret
1211 604 1253 640 et
1284 600 1411 640 daret
1444 599 1634 651 gloriam
1665 600 1764 647 deo,

116 675 202 715 nisi
236 675 310 715 hic
342 674 622 725 alienigena'‚
656 677 736 713 ete.
801 672 886 712 Sed
918 673 1027 726 quid
1064 672 1247 723 mirum,
1295 673 1331 711 si
1365 672 1575 712 conditor
1608 676 1766 712 nature

116 751 157 787 et
188 751 363 787 creator
395 751 707 787 creaturarum
740 746 852 785 deus
885 745 1091 798 leprosos
1122 748 1265 796 sanat,
1299 757 1403 784 cum
1432 745 1545 785 nulli
1571 745 1765 784 dubium

117 819 185 869 sit,
232 819 341 873 quin
389 819 560 867 omnia,
607 830 880 872 quecunque
926 817 1084 867 voluit,
1131 817 1349 857 (lominus
1396 817 1441 857 in
1492 817 1587 857 celo
1636 821 1676 857 et
1720 817 1765 857 in

115 897 245 943 terra,
293 893 336 932 in
388 892 499 932 mari
549 895 591 931 et
637 892 682 931 in
730 891 948 931 omnibus
995 877 1186 945 a<byssis
1233 875 1392 942 a90t>‘?
1479 890 1767 930 Curauerunt

116 966 320 1019 leprosos
352 964 571 1018 apostoli;
605 965 682 1004 sed
716 977 937 1004 numerus
970 975 1130 1004 eorum
1164 975 1256 1002 non
1290 966 1355 1002 est
1382 962 1650 1015 descriptus,
1685 976 1767 1003 nec

116 1051 324 1091 expresse
357 1039 412 1078 de
444 1037 516 1077 his
547 1037 715 1090 aliqua,
764 1041 810 1077 ut
844 1040 968 1090 puto⁷
1015 1040 1176 1076 tractat
1214 1035 1419 1085 historia,
1467 1047 1571 1075 cum
1614 1040 1765 1076 tamen

115 1124 168 1151 ex
187 1111 373 1151 Actibus
392 1110 717 1163 Apostolorum
747 1109 983 1149 aduertere
1017 1121 1280 1162 possumus,
1312 1109 1433 1162 quod
1471 1108 1602 1148 multi
1631 1109 1767 1161 varijs

114 1183 459 1224 infirmitatibus
514 1182 725 1235 occupati
782 1195 861 1235 per
913 1182 1148 1234 apostolos
1201 1185 1307 1221 sunt
1360 1181 1549 1234 pristine
1604 1181 1766 1221 redditi

116 1256 310 1297 sanitati.
390 1256 519 1296 Unde
558 1256 651 1296 Act.
687 1268 725 1295 v.
768 1253 821 1308 (υ.
858 1255 909 1294 14
925 1254 1024 1306 sq.):
1072 1254 1350 1305 ‘Augebatur
1391 1254 1674 1293 credentium
1721 1254 1765 1293 in

115 1329 304 1369 domino
345 1328 664 1378 multitudo..‚
712 1327 771 1367 ita
820 1330 868 1367 ut
914 1327 959 1367 in
1008 1326 1181 1379 plateas
1229 1327 1424 1366 eicerent
1469 1327 1677 1366 infirmos
1726 1330 1765 1365 et

115 1406 335 1454 ponerent
367 1401 412 1441 in
447 1401 625 1441 lectulis
657 1404 699 1440 et
730 1400 776 1439 in
808 1399 1021 1451 grabatis,
1070 1403 1130 1447 ut,
1171 1399 1380 1440 veniente
1415 1400 1560 1447 Petro,
1606 1399 1765 1438 saltem

116 1475 279 1514 umbra
327 1474 448 1514 illius
495 1474 792 1514 obumbraret
832 1485 1112 1526 quemquam
1162 1485 1337 1523 eorum,
1385 1476 1426 1512 et
1464 1472 1767 1512 liberarentur

115 1547 173 1587 ab
226 1547 571 1587 infirmitatibus
626 1546 745 1586 suis'.
831 1545 1024 1586 Sanctus
1078 1545 1212 1585 etiam
1270 1545 1505 1597 apostolus
1562 1545 1766 1584 Thomas

115 1619 241 1672 petijt
272 1631 421 1671 regem
456 1618 792 1670 Gundoforum,
841 1622 888 1658 ut
927 1631 1005 1671 per
1046 1631 1250 1658 mensem
1296 1631 1441 1657 unum
1476 1620 1767 1668 congregaret

115 1705 338 1746 pauperes
384 1697 424 1732 et
471 1691 681 1732 infirmos
727 1704 806 1744 per
852 1695 997 1731 totum
1046 1701 1236 1742 regnum
1286 1703 1435 1730 suum.
1514 1689 1764 1742 Completis

114 1765 249 1817 igitur
279 1777 363 1805 xxx
395 1765 558 1805 diebus
589 1764 713 1805 venit
746 1763 991 1803 multitudo
1024 1776 1129 1803 cum
1163 1762 1359 1803 infirmis
1400 1767 1441 1802 et
1480 1762 1617 1814 varijs
1659 1761 1767 1813 egri-

114 1838 353 1878 tudinibus
392 1837 723 1878 laborantibus,
787 1837 961 1877 Omnes
1002 1839 1154 1876 autem
1197 1835 1487 1875 infirmitates
1530 1836 1575 1874 in
1622 1847 1766 1874 unum

116 1911 378 1962 congregari
411 1910 666 1964 precipiens
707 1909 957 1962 apostolus,
1005 1908 1100 1961 ipse
1142 1908 1188 1947 in
1232 1908 1384 1948 medio
1427 1921 1586 1948 eorum
1628 1898 1767 1955 stans,

117 1983 329 2036 expansis
377 1982 593 2022 manibus
640 1982 893 2022 orationem
939 1981 1055 2021 fudit
1102 1982 1157 2020 ad
1207 1981 1463 2022 dominum.
1530 1980 1767 2033 Completa

116 2059 267 2095 autem
302 2055 507 2095 oratione
535 2054 656 2095 venit
679 2066 898 2094 coruscus
922 2066 1059 2106 super
1081 2066 1171 2104 (³:08,
1206 2057 1253 2093 ut
1276 2066 1437 2093 omnes
1461 2066 1506 2092 se
1532 2056 1767 2105 putassent

116 2128 208 2168 ictu
255 2127 447 2180 fulguris
494 2128 715 2168 interisse.
789 2127 843 2166 At
889 2125 964 2165 illi
1001 2139 1162 2166 omnes
1210 2130 1442 2177 surgentes
1491 2125 1590 2165 sani
1637 2124 1767 2176 glori-

117 2200 374 2241 ficauerunt
405 2202 543 2241 deum
576 2204 618 2239 et
645 2200 873 2240 Thomam
909 2199 1170 2251 apostolum
1204 2199 1313 2238 eius.
1364 2198 1547 2250 Legitur
1579 2197 1766 2243 ibidem,

117 2274 239 2326 quod
273 2273 451 2314 curauit
483 2273 733 2325 leprosum,
765 2271 897 2312 cuius
928 2275 1021 2311 tota
1054 2282 1277 2324 compago
1312 2271 1641 2320 membrorum,
1682 2269 1767 2309 sub

118 2359 210 2386 uno
251 2346 417 2386 cortice
458 2345 725 2386 vulneribus
764 2345 912 2398 plena,
960 2348 1147 2397 putores
1181 2343 1443 2398 exhalabat;
1491 2355 1627 2395 quem
1661 2354 1766 2382 cum

118 2419 354 2471 apostolus
385 2417 645 2470 aspexisset,
692 2417 818 2457 fleuit
858 2421 898 2456 et
931 2416 1059 2456 flexis
1092 2416 1283 2467 genibus
1317 2415 1573 2455 diutissime
1606 2414 1766 2453 orauit.

120 2490 355 2543 Completa
389 2490 594 2530 oratione
628 2490 839 2542 apparuit
871 2489 1059 2542 quidam
1095 2501 1207 2541 puer
1240 2488 1411 2539 fulgido
1442 2491 1642 2539 aspectu,
1675 2486 1767 2538 qui,

118 2562 280 2602 tollens
321 2575 425 2602 eum
465 2562 511 2602 in
552 2565 727 2614 partem
767 2562 923 2614 anguli
956 2560 1127 2611 secreti,
1175 2560 1297 2600 exuit
1338 2573 1443 2600 eum
1484 2558 1765 2599 vestimentis

120 2634 214 2674 suis
246 2639 287 2674 et
319 2634 592 2687 exspoliauit
624 2647 727 2674 eum
763 2634 900 2685 corio,
943 2633 1074 2687 quasi
1106 2632 1261 2672 tunica
1294 2632 1534 2684 corporali,
1568 2636 1608 2671 et
1640 2642 1767 2670 reuo-

207 2779 328 2814 8—9.
369 2778 704 2824 quin..abyssis
744 2781 836 2823 agat
873 2776 1032 2822 scripsi3
1080 2775 1444 2822 quia..0n1nibus
1488 2786 1521 2810 a.
1567 2772 1675 2822 gsicl)
1715 2773 1766 2812 C;

122 2835 333 2880 respicitur
371 2835 478 2870 locus
525 2835 670 2870 Psalm.
707 2834 794 2876 134,
817 2836 850 2873 6,
936 2834 994 2869 19.
1042 2833 1311 2869 Gundaforus
1361 2834 1528 2866 vocatur
1573 2832 1612 2866 1⁴11
1660 2829 1767 2865 Actis

127 2891 298 2927 Thomoe.
378 2892 440 2928 22.
476 2892 743 2927 infirmitatos
775 2891 934 2937 scripsi3
982 2890 1246 2926 infirmitates
1279 2889 1329 2931 C;
1380 2889 1570 2924 infirmos
1603 2886 1768 2922 coniecit

122 2949 274 2993 Arnas3
306 2948 567 2984 infirmantes
593 2949 689 2983 Aeta
712 2948 884 2984 Thomae.
949 2948 1012 2984 26.
1045 2947 1182 2992 fulgor
1207 2949 1299 2981 ante
1331 2956 1535 2981 coruscus
1565 2947 1705 2979 eontra
1733 2943 1764 2978 C

121 3004 173 3052 (et
201 3005 314 3052 Acta)
345 3005 435 3041 add.
469 3005 615 3048 Arnas,
658 3005 781 3040 simul
820 3007 959 3051 postea
999 3004 1171 3049 fulgoris
1212 3002 1410 3043 scribe1zs;
1456 3003 1523 3037 sed
1564 3011 1766 3036 coruscus

121 3073 197 3107 pro
228 3061 482 3098 substantiae
515 3063 660 3108 saepz'us
694 3064 925 3107 usurpatur,
962 3062 1100 3106 fulgur
1133 3060 1380 3106 siynificans.

1796 970 1835 999 10

1795 1334 1834 1363 15

1790 1697 1831 1726 20

1794 2059 1835 2089 25

1795 2423 1836 2453 30
