2242 3551
458 981 498 1010 lo

483 1708 501 1733 (D

464 2428 506 2457 ΞΕ]

522 194 606 233 440
867 200 1143 230 SCRIPTORES
1177 200 1405 228 HISTORIAE
1439 199 1615 227 DANICAE
1649 200 1847 229 MINORES

525 317 830 359 substantiam
865 327 997 355 suam
1030 327 1137 355 cum
1170 314 1489 355 meretricibus
1522 313 1777 354 vanitatum
1811 318 1854 355 et
1875 316 2180 369 voluptatum,

525 402 719 444 persona
753 387 933 428 realiter
966 387 1248 440 presentari?
1290 399 1427 440 quem
1461 387 1615 427 adhuc
1647 387 1780 439 longe
1812 391 2020 439 agentem
2055 392 2182 442 pater

525 461 948 502 misericordiarum
995 459 1121 511 vidit,
1175 463 1216 500 et
1264 459 1579 501 misericordia
1627 463 1780 500 motus
1830 460 2030 514 precepit
2075 474 2181 501 eum

525 535 613 575 cito
645 533 776 574 indui
810 533 923 573 stola
958 532 1108 585 prima
1141 532 1417 583 innocentie,
1466 532 1623 585 sicque
1664 532 1909 573 festinabat
1941 533 2182 574 absoluere

526 607 746 647 miserum
794 606 849 645 de
895 609 1023 645 reatu
1065 605 1344 646 conscientie
1384 618 1478 656 sue,
1527 609 1574 645 ut
1622 606 1958 658 propemodum
2006 606 2184 647 tardius

524 679 658 719 fuerit
699 682 885 731 paterne
927 678 1082 731 pietati
1122 691 1198 718 reo
1238 677 1487 718 indulsisse
1528 690 1666 731 quam
1709 677 1796 731 ipsi
1834 678 2003 719 misero
2035 679 2184 719 indul-

524 751 723 804 gentiam
772 751 1042 803 percepisse.
1128 750 1250 801 Quid
1299 751 1420 790 enirn
1471 750 1596 791 aliud
1645 750 1727 790 fuit
1776 751 2181 792 sceleratissimum

525 827 810 878 peccatorem
845 823 892 862 in
926 823 1025 876 ipso
1059 823 1219 864 limine
1252 823 1500 877 penitentie
1533 823 1599 863 sic
1622 836 1778 864 orasse
1803 827 1963 864 ettam
1990 824 2181 864 celerem

525 896 741 950 peticioni
773 908 854 937 sue
888 896 1101 936 effectum
1134 896 1405 949 optinuisse,
1438 895 1541 943 nisi,
1575 896 1732 936 effusis
1765 909 1903 950 super
1929 910 1975 937 se
2002 897 2183 938 visceri-

525 969 611 1009 bus
651 968 809 1009 diuine
842 968 1036 1022 pietatis,
1084 969 1267 1009 miseria
1306 968 1704 1021 corruptibilitatis
1742 969 2004 1023 despoliari,
2052 970 2183 1011 beata

525 1041 884 1082 immortalitatis
908 1042 1022 1082 stola
1054 1042 1219 1093 vestiri,
1251 1041 1393 1082 anulo
1419 1041 1564 1081 diuini
1593 1041 1764 1081 amoris
1789 1041 2013 1094 insigniri,
2048 1043 2186 1095 pedes

525 1114 823 1154 affectionum
872 1114 1187 1155 calciamentis
1234 1118 1386 1155 eterne
1429 1114 1641 1167 puritatis
1682 1114 1868 1165 muniri,
1916 1127 1998 1167 pro
2038 1127 2186 1168 recep-

524 1187 649 1227 tione
682 1186 762 1239 filij
797 1187 961 1240 perditi
995 1187 1184 1228 festinas
1216 1187 1376 1240 epulas
1408 1190 1502 1227 toto
1535 1187 1633 1227 celo
1666 1186 1839 1227 indici‘?

614 1259 685 1300 IX.
749 1259 921 1300 Videns
953 1261 1106 1313 itaque
1139 1259 1414 1301 venerabilis
1447 1259 1636 1300 antistes
1678 1259 1883 1300 animam
1918 1260 2069 1301 fratris
2102 1261 2186 1311 sui,

481 1344 499 1371 3
527 1345 610 1385 pro
642 1332 774 1373 cuius
807 1333 1072 1373 saluaeione
1106 1333 1167 1373 ita
1199 1332 1422 1373 sollicitus
1456 1333 1676 1383 extiterat,
1709 1336 1802 1372 tam
1836 1332 2054 1385 celeriter,
2084 1331 2187 1381 {tam

528 1404 714 1445 feliciter
747 1409 1049 1458 assumptam,
1083 1410 1193 1446 tunc
1225 1409 1266 1446 et
1298 1405 1396 1458 ipse
1424 1406 1720 1456 vehementer
1745 1405 1935 1445 affectus
1960 1405 2187 1446 desiderio

527 1477 755 1529 migrandi
789 1477 949 1530 petiuit
982 1478 1136 1518 anime
1169 1491 1264 1529 sue,
1297 1481 1345 1517 ut
1378 1482 1646 1527 moreretur,
1681 1482 1722 1518 et
1747 1478 1828 1517 ait:
1867 1478 2079 1519 »Gracias
2106 1478 2188 1518 tibi

527 1560 634 1602 ago,
688 1549 875 1591 domine
924 1551 1061 1591 Ihesu
1110 1551 1308 1600 Christe,
1368 1550 1591 1604 quoniam
1648 1551 1873 1591 exaudisti
1921 1550 2185 1592 oracionem

528 1636 695 1675 meam,
730 1623 883 1663 vidisti
915 1623 1155 1663 lacrimam
1189 1636 1355 1674 meam,
1390 1636 1478 1676 qua
1514 1623 1593 1663 tibi
1628 1623 1802 1664 tociens
1833 1623 2107 1676 supplicaui,
2141 1628 2189 1664 ut

529 1696 785 1749 susciperes
828 1695 1127 1748 penitentiam
1167 1695 1318 1736 fratris
1359 1696 1468 1736 mei!
1533 1696 1688 1746 Queso
1729 1707 1834 1748 ergo
1881 1700 1936 1747 te,
1986 1696 2189 1749 pijssime

529 1768 593 1808 fili
633 1768 719 1820 dei,
768 1781 825 1809 ne
865 1782 937 1809 me
980 1769 1177 1821 paciaris
1220 1768 1278 1808 ab
1319 1769 1397 1808 illo
1437 1769 1618 1809 diucius
1653 1769 1868 1822 separari,
1918 1770 1996 1809 sed
2029 1769 2188 1810 iubeas

530 1854 602 1881 me
641 1853 746 1881 curn
788 1841 865 1881 illo
906 1842 951 1881 in
993 1846 1070 1882 tua
1115 1854 1227 1894 pace
1259 1853 1384 1881 nunc
1417 1841 1572 1895 recipi,
1622 1846 1669 1882 ut
1709 1842 1847 1882 simul
1888 1842 2110 1882 abeamus
2150 1846 2191 1880 et

531 1914 669 1953 simul
702 1915 758 1954 ad
792 1918 920 1954 tuam
955 1914 1320 1955 misericordiam
1354 1918 1395 1954 te
1428 1914 1630 1955 donante
1663 1915 2030 1968 perueniamus.‹<

617 1986 656 2027 O
687 1999 790 2026 vere
822 1987 1143 2040 amplectenda
1176 1990 1218 2027 et
1249 1987 1451 2027 amanda
1486 1987 1630 2039 pietas
1663 1987 1841 2028 domini
1873 1987 2017 2028 nostri
2053 1988 2187 2028 Ihesu

532 2058 719 2099 Christi!
797 2058 882 2099 Vix
935 2059 1199 2100 oracionem
1258 2058 1456 2111 finierat,
1514 2072 1654 2113 quam
1709 2059 2033 2101 ardentissima
2081 2059 2187 2101 fidei

531 2131 785 2171 deuocione
825 2131 954 2183 fudit,
1002 2136 1043 2172 et
1082 2143 1184 2172 ecce
1223 2135 1416 2172 vocante
1457 2145 1504 2172 se.
1543 2132 1736 2173 domino
1776 2132 1951 2172 viribus
1984 2132 2188 2185 corporis

531 2204 649 2256 cepit
681 2207 866 2256 repente
898 2204 1081 2244 destitui
1117 2205 1297 2258 viteque
1329 2205 1590 2245 transitorie
1622 2205 1763 2245 finem
1798 2205 1889 2245 iam
1917 2204 2003 2245 sibi
2029 2206 2189 2246 adesse

532 2275 760 2325 cognouit.
855 2277 1053 2330 Moxque
1112 2277 1348 2329 dispositis
1397 2290 1478 2330 pro
1527 2277 1747 2330 temporis
1794 2277 2038 2328 breuitate,
2101 2292 2188 2331 que

532 2349 788 2389 necessaria
837 2350 1124 2400 videbantur,
1172 2349 1373 2403 precepit
1411 2350 1683 2399 astantibus,
1735 2354 1784 2390 ut
1830 2362 1997 2403 corpus
2043 2350 2187 2403 ipsius

532 2432 620 2459 vna
654 2433 759 2461 cun]
794 2434 986 2475 corpore
1018 2422 1169 2462 fratris
1201 2422 1298 2462 eius
1331 2423 1387 2462 ad
1422 2422 1663 2462 ecclesiam
1697 2435 1833 2475 supra
1869 2427 2187 2474 memoratam,

533 2505 620 2545 que
668 2493 801 2534 Pater
841 2495 1006 2534 Noster
1054 2494 1234 2541 dicitur,
1281 2507 1420 2548 quam
1469 2494 1660 2535 domino
1706 2494 1961 2547 inspirante
2008 2495 2186 2536 sincero

535 2564 713 2616 pietatis
745 2567 909 2607 affectu
944 2567 1290 2619 adoptauerant,
1324 2571 1499 2607 remota
1533 2567 1776 2608 occasione
1809 2567 2028 2607 referrent
2060 2572 2102 2608 et
2125 2567 2187 2607 ibi

622 2722 657 2756 8.
692 2721 945 2770 sceler-emm)
975 2723 1018 2758 Α.
1090 2723 1123 2757 9.
1159 2722 1300 2758 malim
1334 2724 1566 2769 peticionis.
1634 2723 1694 2759 10.
1730 2723 1849 2758 beata
1883 2724 1934 2763 A;
1980 2723 2111 2758 beatae
2146 2723 2183 2757 E.

539 2778 599 2811 It.
632 2778 790 2814 annulo
818 2780 857 2815 E.
924 2781 984 2815 11.
1017 2780 1313 2815 calceamentis
1348 2780 1387 2815 E.
1457 2781 1516 2816 14.
1548 2780 1700 2816 Videns
1733 2781 1874 2826 itaque
1899 2780 1987 2819 ΑΕ;
2023 2780 2172 2815 videns

536 2844 617 2879 que
657 2835 709 2874 (ἒς
757 2836 942 2871 Cernens
985 2837 1028 2872 Β.
1107 2836 1283 2872 15—16.
1330 2841 1500 2883 tamque
1548 2837 1724 2873 feliciter
1763 2837 1808 2873 C.
1894 2837 2069 2872 17-—18.
2112 2845 2180 2882 ag(

536 2890 610 2925 tibi
644 2891 686 2927 C.
768 2893 826 2928 19.
861 2897 900 2928 et
931 2894 1071 2929 vidisti
1105 2893 1149 2930 C.
1239 2905 1322 2940 qua
1355 2894 1410 2940 C;
1460 2895 1544 2940 qui,
1586 2899 1628 2929 ut
1667 2895 1755 2938 vid,
1790 2896 1834 2929 Ᾱ.
1923 2894 1998 2929 tibi
2031 2904 2110 2930 om.
2144 2894 2183 2928 Α,

537 2948 657 2983 toties
686 2949 727 2984 Ε.
792 2950 854 2985 21.
889 2951 1046 2986 diutius
1079 2950 1130 2986 ab
1164 2950 1236 2986 illo
1263 2963 1292 2987 s.
1318 2951 1363 2987 C.
1429 2951 1493 2986 27.
1520 2952 1599 2986 sibi
1625 2952 1707 2986 iam
1734 2951 1777 2987 C.
1842 2951 1904 2986 31.
1938 2960 2118 2996 syncero
2144 2950 2183 2986 C.

540 3003 601 3038 32.
635 3004 943 3051 adoptauerant
974 3009 1027 3052 Α;
1070 3011 1373 3054 exoptauerant
1408 3009 1458 3046 Ez
1501 3008 1785 3044 adorauerant
1818 3007 1862 3044 C.
1954 3008 2183 3044 occasione.
2225 3046 2239 3052 N

539 3060 561 3095 i.
596 3071 625 3095 e.
660 3064 927 3099 excusatione
962 3065 1020 3099 vel
1052 3065 1330 3101 cunctatione.
