2242 3551
442 1138 483 1169 10

443 1503 483 1533 15

443 1869 484 1900 20

351 1941 424 1973 Fol.
440 1937 486 1973 9ยนโธ.

444 2235 486 2266 25

447 2599 488 2631 30

449 3014 491 3043 35

518 193 596 232 170
858 204 1134 233 SCRIPTORES
1166 203 1394 234 fflsrofflAE
1426 204 1603 232 DANICAE
1635 203 1835 233 MlNORES

514 318 675 371 sactus,
722 323 763 359 et
803 318 847 359 in
891 331 942 359 ea
982 318 1271 373 aliquantum
1315 319 1535 372 temporis
1579 318 1670 359 uite
1710 331 1790 359 sue
1822 318 2031 372 spacium
2065 332 2168 359 con-

514 405 755 432 summans
795 394 898 432 ante
938 402 1156 443 magnum
1197 391 1338 432 altare
1377 391 1632 432 honorifice
1673 391 1759 431 sub
1792 403 2022 432 marmore
2054 391 2169 432 iacet

513 465 780 506 tumulatus,

1221 586 1316 632 Cap.
1350 586 1456 622 XIII.

599 667 869 714 Priuilegium
904 667 1215 713 archiepiscopi
1250 667 1486 703 Lundensis
1519 667 1569 703 de
1602 666 1886 703 translacione
1918 666 2091 702 claustri

1108 735 1159 771 de
1191 736 1320 781 Weng
1353 736 1404 771 ad
1438 735 1576 771 Calue.

608 805 851 889 Eskillvs,
899 841 971 881 dei
1011 840 1152 893 gratia
1188 840 1449 880 Lundensis
1481 840 1872 894 archiepiscopus,
1919 840 2169 893 apostolice

511 914 630 954 sedis
664 914 836 965 legatus
869 918 911 954 et
945 914 1115 966 primas
1150 913 1295 953 Danie
1328 917 1370 953 et
1402 913 1600 964 Suethie,
1633 913 1798 954 dilecto
1833 913 1927 953 filio
1956 913 2169 963 Brienno,

510 987 666 1027 abbati
708 987 763 1027 de
797 987 950 1038 Calue,
998 987 1193 1027 salutem
1233 990 1274 1026 et
1314 985 1696 1026 benedictionem.
1761 985 2009 1027 Pastoralis
2050 985 2167 1026 solli-

510 1059 665 1100 citudo
713 1059 861 1112 exigit,
909 1064 957 1099 ut
1004 1059 1222 1100 omnibus
1265 1059 1311 1098 in
1359 1059 1628 1100 necessitate
1675 1059 1935 1100 constitutis
1978 1062 2166 1112 paterno

510 1134 675 1173 affectu
710 1133 1049 1186 compatiamur
1082 1136 1121 1172 et
1163 1131 1355 1183 singulis
1393 1145 1527 1185 opem
1569 1143 1821 1184 congruam
1864 1131 2166 1185 porrigamus.

512 1206 561 1246 In
602 1206 689 1246 hac
728 1208 880 1245 autem
924 1205 1064 1256 gratia
1104 1205 1193 1245 illis
1233 1204 1490 1258 specialiter
1530 1205 1758 1245 debitores
1798 1218 1972 1255 sumUS,
2021 1204 2099 1258 qui
2143 1217 2167 1244 a

508 1279 710 1318 tumultu
744 1278 937 1318 seculari
976 1278 1247 1331 sequestrati
1280 1281 1322 1318 et
1353 1277 1524 1317 diuinis
1558 1277 1792 1331 obsequiis
1824 1277 1967 1318 artius
2000 1277 2169 1318 manci-

509 1351 603 1405 pati
643 1351 908 1403 regulariter
947 1351 1105 1391 uiuere
1153 1354 1194 1390 et
1241 1350 1325 1390 soli
1373 1351 1458 1391 deo
1506 1363 1672 1391 uacare
1711 1350 1985 1391 desiderant.
2050 1350 2170 1391 Hinc

510 1429 595 1476 est,
643 1424 780 1464 frater
827 1423 1089 1475 karissime,
1145 1424 1269 1477 quod
1316 1422 1405 1463 tuis
1452 1423 1585 1463 iustis
1631 1423 1931 1477 petitionibus
1978 1423 2169 1464 libenter

511 1510 749 1538 assensum
800 1497 1046 1550 prebemus
1094 1500 1135 1536 et
1181 1496 1283 1549 paci
1330 1508 1384 1536 ac
1430 1496 1571 1550 quieti
1611 1496 1755 1549 gregis
1802 1496 1883 1536 tibi
1931 1496 2169 1537 commissi

510 1570 646 1611 etiam
680 1570 725 1610 in
760 1574 994 1624 posterum
1028 1568 1351 1622 prospicimus.
1398 1569 1584 1610 Accedit
1616 1569 1751 1610 etiam
1786 1569 1943 1622 petitio
1974 1569 2167 1623 pijssimi

510 1643 626 1695 regis
688 1642 970 1683 Waldemari
1033 1646 1076 1682 et
1136 1642 1474 1682 uenerabilium
1536 1642 1861 1696 episcoporum
1924 1641 2167 1682 Absalonis

513 1716 837 1757 Roskeldensis
884 1720 925 1755 et
972 1714 1199 1756 Suenonis
1246 1714 1527 1765 Arusiensis,
1583 1715 1753 1770 quibus
1807 1715 1950 1756 nichil
2004 1726 2168 1768 negare

511 1802 773 1843 possumus.
838 1788 977 1840 Igitur
1017 1787 1178 1828 diuino
1217 1800 1375 1828 amore
1415 1788 1687 1829 commoniti
1720 1792 1762 1829 et
1793 1792 1886 1829 tarn
1919 1787 2166 1828 illustrium

512 1875 813 1916 personarum
847 1860 1103 1901 reuerentia
1136 1860 1343 1900 inclinati
1375 1860 1544 1911 Iocum,
1592 1860 1638 1901 in
1671 1874 1764 1916 quo
1796 1862 1882 1902 deo
1915 1859 2167 1910 deseruitis,

514 1936 599 1975 sub
642 1939 797 1976 nostra
838 1938 880 1974 et
918 1933 1096 1974 domini
1135 1933 1376 1986 apostolici
1416 1930 1708 1988 protecfljtione
1741 1933 2035 1987 suscipimus,
2082 1933 2170 1973 hoc

510 2009 557 2049 in
590 2007 752 2062 primis
785 2010 1049 2058 statuentes,
1096 2010 1145 2046 ut
1177 2005 1518 2058 concambium,
1563 2007 1687 2060 quod
1720 2018 1826 2047 cum
1860 2005 2035 2059 prefato
2067 2016 2169 2058 rege

513 2080 702 2129 fecistis,
756 2084 909 2120 ratum
966 2082 1253 2132 permaneat,
1308 2082 1349 2118 et
1396 2079 1553 2131 predia
1600 2080 1657 2119 ad
1704 2079 1851 2131 Weng
1898 2078 2169 2131 pertinentia

513 2153 728 2206 deinceps
768 2153 825 2192 ad
866 2153 1035 2204 locum,
1082 2165 1174 2205 quo
1217 2151 1485 2192 necessitate
1527 2152 1756 2205 compulsi
1796 2150 2168 2203 transmigrastis,

512 2226 683 2278 integre
721 2225 989 2279 pertineant.
1053 2226 1119 2265 De
1162 2228 1311 2265 cetero
1359 2224 1489 2278 siqua
1537 2224 1843 2265 ecclesiastica
1891 2223 2170 2265 secularisue

514 2311 709 2352 persona
741 2299 862 2339 hanc
893 2302 1046 2338 nostre
1079 2297 1420 2338 constitutionis
1452 2297 1667 2350 paginam
1702 2297 1850 2338 sciens
1882 2301 2040 2338 contra
2068 2310 2167 2337 eam

514 2371 672 2412 uenire
716 2370 1010 2425 temptauerit
1056 2354 1098 2410 et
1144 2370 1371 2423 prefatum
1424 2370 1758 2410 monasterium
1806 2370 2072 2423 perturbare
2118 2381 2172 2409 ac

514 2458 585 2485 res
638 2444 856 2484 fratribus
910 2442 1159 2496 inpresenti
1215 2442 1404 2483 collatas
1459 2455 1539 2483 seu
1593 2443 1809 2496 deinceps
1870 2442 2169 2483 conserendas

514 2521 683 2557 temere
723 2530 946 2571 usurpare
986 2515 1330 2570 presumpserit,
1377 2528 1402 2555 a
1443 2516 1774 2556 communione
1815 2514 2036 2556 dominici
2076 2527 2168 2555 cor-

516 2590 641 2643 poris
679 2603 725 2630 se
769 2589 1146 2643 sequestrandam
1196 2591 1238 2628 et
1284 2587 1472 2628 uinculo
1519 2588 1827 2629 anathematis
1874 2587 2167 2640 obligandam

516 2662 709 2714 nouerit,
757 2662 845 2702 nisi
883 2661 1018 2713 digne
1058 2660 1336 2701 satisfecerit.
1402 2661 1496 2701 Pax
1534 2673 1644 2702 uero
1686 2664 1728 2701 et
1767 2660 1910 2713 gratia
1952 2660 2168 2700 omnibus

517 2735 665 2776 eidem
706 2735 806 2776 loco
850 2734 967 2774 iusta
1016 2732 1323 2784 seruantibus,
1370 2733 1588 2787 quatinus
1627 2737 1668 2774 et
1707 2733 1783 2774 hic
1820 2733 2017 2773 fructum
2061 2731 2169 2773 boni

517 2807 666 2860 operis
699 2806 939 2848 inueniant
970 2810 1011 2847 et
1043 2805 1089 2846 in
1122 2805 1327 2846 districto
1360 2805 1432 2846 dei
1465 2805 1636 2847 iudicio
1669 2810 1872 2847 eternam
1911 2805 2167 2846 mercedem

518 2879 782 2933 percipiant.

611 2967 797 3044 Abbas
844 3002 1000 3053 igitur,
1047 3000 1309 3054 relinquens
1356 3000 1757 3054 archiepiscopum
1804 3000 1851 3040 in
1898 3000 2019 3051 loco,
2077 3010 2167 3052 quo

519 3088 624 3115 eum
656 3075 908 3126 inuenerat,
953 3074 1010 3114 ad
1043 3073 1286 3114 dominum
1319 3073 1625 3126 apostolicum
1658 3073 1866 3126 perrexit,
1913 3072 2097 3112 tradens
2129 3069 2167 3110 ei
