2242 3551
429 237 532 266 v1TA
565 237 764 266 GVNNEm
798 237 1001 266 EplsCOPI
1035 237 1331 269 vaRoENffls
1626 231 1706 270 277

63 360 159 413 post
180 365 511 407 recognoscens
536 351 691 393 bibere
716 351 870 392 statim
888 352 1035 406 desijt,
1061 354 1243 395 blandis
1262 355 1413 395 verbis
1432 359 1473 396 et
1490 355 1708 407 graciosis

62 429 266 473 dicendo:
305 427 499 467 »Factus
532 439 636 466 sum
670 424 908 477 insipiens,
940 439 1022 466 vos
1055 440 1127 467 me
1160 427 1409 479 coegistis«

142 500 261 543 XIII.
335 499 452 541 Cum
499 511 607 539 vero
654 497 900 551 episcopus
947 498 1096 540 fuerat
1142 513 1221 553 per
1268 513 1415 541 annos
1463 500 1620 553 viginti
1668 505 1710 541 et

60 574 273 629 amplius,
326 572 445 625 cepit
491 570 728 612 sollicitari
775 571 830 611 de
878 571 1084 613 cessione
1132 573 1406 626 prelacionis
1453 587 1553 625 sue,
1601 573 1707 627 quia

60 647 275 703 grauabat
306 658 411 686 eum
445 648 670 697 senectus,
716 643 822 684 licet
860 644 1018 685 omnia
1060 645 1289 686 naturalia
1332 659 1414 687 sua
1454 646 1501 686 in
1533 645 1635 686 visu
1668 649 1709 686 et

59 721 213 764 auditu
253 731 306 760 ac
346 717 506 759 ceteris
545 717 680 771 plena
714 720 756 757 et
788 729 900 757 sana
933 730 1077 771 Vsque
1110 719 1167 759 ad
1206 719 1326 759 diem
1368 718 1577 761 vltimum
1620 718 1709 759 vite

59 807 136 837 sue
166 791 390 834 habuerit.
454 792 591 842 Quod
632 803 738 831 cum
779 791 838 831 ad
878 790 1139 843 dompnum
1172 792 1400 844 Vffonem,
1447 796 1558 832 tunc
1590 792 1708 831 Lun-

58 869 240 909 densem
273 864 690 918 archiepiscopum,
737 863 807 904 bis
847 863 918 904 vel
958 867 1025 904 ter
1062 864 1312 917 detulisset,
1360 865 1552 905 omnino
1585 877 1710 905 recu-

59 944 205 982 satum
237 942 314 979 est.
379 938 495 979 Cum
528 941 682 978 autem
716 936 846 977 etatis
880 949 960 977 sue
993 937 1298 978 centesimum
1331 950 1507 978 annum
1542 938 1708 977 ducere

58 1013 245 1067 cepisset
275 1015 317 1052 et
348 1010 584 1064 dyocesim
618 1010 967 1062 Wibergensem
1000 1023 1081 1063 per
1111 1010 1295 1063 triginta
1327 1023 1475 1051 annos
1507 1010 1708 1063 rexisset,

59 1087 175 1128 bona
222 1084 364 1125 multa
412 1087 454 1125 et
501 1083 659 1137 predia
706 1083 855 1124 eidem
901 1082 1187 1136 episcopatui
1227 1083 1535 1136 adiungendo,
1583 1084 1708 1124 solus

58 1159 178 1200 calor
208 1155 430 1197 naturalis
463 1156 509 1195 in
543 1168 595 1195 eo
629 1155 806 1207 defecit,
849 1141 955 1209 <ita>
988 1156 1114 1209 quod
1147 1159 1350 1196 comesta
1383 1154 1583 1207 digerere
1615 1168 1708 1196 non

58 1230 245 1272 valebat.
307 1230 460 1280 Quam
503 1227 818 1268 infirmitatem
860 1241 939 1281 per
978 1231 1124 1269 totam
1164 1232 1353 1269 estatem
1397 1228 1620 1268 sufferens
1668 1231 1710 1268 et

58 1304 104 1345 in
134 1307 390 1356 autumpno
422 1301 469 1342 in
502 1301 625 1342 bono
657 1304 932 1342 testamento
965 1314 1123 1342 coram
1157 1301 1376 1342 omnibus
1404 1301 1709 1342 nobilioribus

59 1389 136 1417 sue
173 1374 380 1428 dyocesis
427 1360 530 1429 <sua
571 1372 805 1425 ordinans,
853 1371 896 1413 in
946 1372 1222 1426 infirmitorio
1263 1359 1366 1427 suo>
1414 1373 1566 1414 finiuit
1612 1373 1708 1414 dies

60 1461 164 1489 suos
181 1446 398 1499 Asmiald,
431 1447 565 1487 Anno
594 1446 773 1487 domini
799 1435 960 1498 131.c⁰c.1,⁰1.,
994 1445 1067 1486 die
1100 1446 1245 1487 sancti
1272 1446 1449 1499 Genesij
1480 1446 1708 1498 martyris,

58 1520 165 1561 feria
197 1523 318 1561 sexta
351 1524 393 1561 et
424 1521 537 1561 hora
572 1524 708 1561 sexta.

141 1594 254 1635 XIV.
318 1593 459 1647 Cujus
501 1606 670 1647 corpus
712 1592 919 1633 humeris
957 1592 1299 1646 prepositorum
1346 1597 1388 1633 et
1433 1592 1707 1633 clericorum

59 1679 110 1708 ac
161 1667 356 1707 aliorum
408 1666 801 1707 nobilissimorum
856 1667 914 1706 ad
962 1666 1320 1719 septentrionem
1368 1679 1448 1719 per
1494 1670 1706 1718 stagnum

59 1744 284 1793 portatum
324 1743 390 1780 est
429 1752 535 1780 cum
572 1740 750 1780 honore
789 1739 968 1780 decenti
1010 1743 1051 1780 et
1092 1740 1261 1791 debito,
1309 1739 1527 1780 obuiante
1558 1739 1708 1779 funeri

59 1826 140 1853 suo
171 1814 228 1854 ad
259 1813 390 1867 finem
423 1813 570 1867 ipsius
603 1812 750 1865 stagni
781 1816 877 1853 toto
910 1813 1031 1854 clero
1064 1816 1107 1853 et
1138 1813 1312 1866 populo
1339 1812 1485 1866 ipsius
1508 1811 1707 1852 ciuitatis

60 1898 161 1926 cum
208 1886 421 1927 crucibus
468 1886 766 1927 ecclesiarum
815 1889 857 1926 et
902 1885 1101 1937 vexillis3
1160 1890 1202 1926 et
1249 1885 1314 1926 sic
1359 1885 1417 1926 ad
1465 1885 1704 1926 ecclesiam

60 1963 208 2000 sancte
246 1960 388 2000 Marie
434 1959 545 1999 illud
594 1958 848 2000 honorifice
894 1959 1088 2000 ferentes
1135 1958 1412 2013 sepelierunt
1456 1959 1501 1998 in
1545 1960 1705 1999 eadem

60 2032 244 2073 ecclesia
275 2032 322 2073 in
354 2033 528 2086 capella
562 2032 794 2086 sepulchri
827 2031 973 2072 sancti
1006 2031 1157 2072 Ketilli
1190 2035 1294 2072 ante
1326 2032 1467 2072 altare
1499 2031 1704 2072 eiusdem

62 2105 239 2157 capelle.
285 2102 297 2159 Η
343 2105 627 2146 Ornamenta
680 2104 834 2158 itaque
888 2103 1190 2157 pontificalia,
1246 2090 1336 2157 <ἰη>
1391 2104 1560 2157 quibus
1608 2104 1704 2157 ipse

61 2178 262 2230 sepultus
300 2182 378 2230 est,
425 2191 505 2231 per
542 2177 746 2231 quinque
786 2177 856 2218 vel
897 2190 975 2217 sex
1014 2190 1161 2217 annos
1201 2181 1305 2217 ante
1344 2181 1539 2217 mortem
1573 2190 1705 2217 suam

61 2250 162 2291 fecit
191 2251 246 2291 de
278 2265 402 2292 nouo
435 2250 601 2304 parari,
634 2264 722 2304 que
755 2263 897 2290 manu
931 2249 1117 2303 propria
1149 2249 1247 2303 ipse
1279 2249 1523 2290 benedixit.
1579 2250 1708 2303 Sepe-

61 2322 249 2364 liebatur
286 2328 440 2365 autem
478 2324 525 2364 in
558 2323 719 2364 habitu
752 2323 897 2364 nostri
930 2322 1119 2375 ordinis,
1167 2322 1285 2363 sicut
1324 2326 1366 2362 et
1403 2322 1450 2362 in
1491 2322 1709 2363 omnibus

144 2491 178 2526 2.
212 2491 362 2528 Factus
380 2521 386 2527 .
406 2522 411 2528 .
431 2491 649 2537 coegistis:
686 2490 866 2526 Corinth.
888 2490 937 2535 ΙΙ,
959 2490 1020 2532 12,
1042 2490 1106 2527 11.
1171 2491 1205 2527 4.
1238 2489 1515 2525 sollicitari:
1531 2489 1709 2525 sollicite

61 2548 250 2593 cogitare.
339 2560 413 2585 sue
446 2549 639 2585 omiserat
671 2547 794 2594 Lyblc.
867 2548 901 2584 5.
935 2545 1108 2596 visuo(1)
1139 2548 1183 2584 C.
1253 2548 1288 2584 6.
1320 2547 1512 2583 Vltimum
1545 2546 1707 2593 scripsi;

61 2604 197 2650 vltime
214 2606 258 2643 C.
322 2607 384 2642 12.
411 2607 467 2642 ita
491 2606 642 2642 addidi.
719 2608 899 2642 comesta
927 2606 1124 2651 degerere
1142 2605 1189 2642 C.
1255 2605 1318 2642 13.
1348 2607 1436 2640 totfi
1464 2604 1510 2648 C,
1540 2604 1709 2641 correxi.

62 2664 98 2696 et
129 2664 299 2700 ostendit
329 2664 501 2700 alterum
533 2663 756 2700 desiderari
782 2663 1070 2710 partieipiun2‚·
1105 2665 1142 2699 et
1171 2673 1262 2698 cum
1295 2664 1591 2698 testamentum
1625 2662 1709 2697 eius

62 2724 405 2767 commemoretur,
435 2721 525 2768 fieri
548 2721 617 2757 vix
636 2723 776 2767 potest,
807 2721 904 2767 quin
931 2720 1257 2757 additamentum
1283 2719 1525 2765 marginale,
1559 2719 1607 2754 de
1630 2729 1709 2764 quo

62 2777 242 2822 superius
273 2779 326 2815 ad
353 2790 394 2825 ρ.
429 2779 520 2824 276,
540 2779 592 2814 20
622 2778 777 2824 scripsi,
812 2778 932 2814 eliam
967 2777 1088 2815 verba
1120 2788 1195 2814 sua
1228 2778 1431 2813 ordinans
1465 2777 1522 2812 vel
1554 2776 1710 2821 aliquid

62 2833 189 2871 simile
219 2838 311 2872 ante
341 2837 383 2872 in
416 2836 687 2872 infirmitorio
720 2835 1096 2881 (zinfirmatorio)
1129 2846 1205 2871 suo
1234 2833 1488 2870 continuerit.
1556 2835 1616 2870 16.
1643 2833 1709 2869 die

63 2901 91 2926 S.
123 2892 218 2929 Gen.
251 2894 460 2940 martyris,
494 2895 516 2930 i.
548 2905 576 2930 e.
609 2893 672 2929 die
703 2893 769 2931 25.
802 2893 988 2939 Azzyusti.
1061 2894 1123 2929 17.
1157 2893 1259 2928 feria
1292 2903 1388 2928 sexa
1403 2893 1440 2936 (l)
1474 2891 1528 2936 C3
1573 2890 1709 2927 arche-

65 2950 178 2995 typus
208 2954 269 2987 vla
299 2951 451 2989 habuit.
525 2953 587 2988 19.
623 2951 875 2988 nobilissimi
909 2951 963 2996 C3
1006 2951 1212 2987 nobilium
1247 2949 1370 2996 Lyblci
1461 2952 1637 2995 stangnfi
1664 2949 1708 2985 C.

65 3006 126 3042 20.
159 3008 327 3045 obuiate
367 3010 456 3056 (pro
488 3009 671 3053 obuiate)
705 3009 750 3053 C,
783 3020 883 3045 corr.
918 3008 1057 3055 Lybls„
1104 3007 1176 3054 qui
1211 3007 1331 3043 etiam
1365 3007 1456 3049 fine,
1504 3006 1545 3042 in
1577 3006 1711 3042 codice

62 3073 173 3107 paene
216 3066 401 3112 deletum,
450 3069 551 3103 recte
596 3066 847 3112 suppleuisse
894 3066 1058 3102 videtur.
1144 3065 1208 3101 22.
1258 3065 1319 3101 sic
1364 3076 1392 3101 s.
1441 3075 1474 3099 υ.
1521 3064 1612 3100 add.
1661 3064 1706 3100 C.

67 3121 126 3156 23.
157 3123 396 3169 sepelerunt
429 3124 474 3160 C.
536 3124 599 3159 25.
632 3125 674 3159 in
707 3123 858 3160 addidi.

1738 1020 1778 1050 10

1736 1384 1777 1414 15

1734 1749 1777 1779 20

1731 2109 1772 2157 25
1802 2107 1874 2139 Fol.
1890 2108 1958 2139 53r.
