2242 3551
562 209 704 237 VETvs
736 209 963 238 CHRONICA
995 210 1233 238 SIALANDOE
1663 201 1716 240 43

9 311 13 312 ⁷
71 322 265 363 trahitur
309 321 356 362 in
406 321 739 372 Bedefordiam‚
787 322 832 362 in
880 323 1089 363 custodia
1138 323 1321 376 publica
1368 327 1556 364 tenetur.
1629 324 1717 374 Qui

69 395 213 436 accito
260 394 546 448 presbytero,
608 397 763 447 utpote
816 395 1029 447 periculis
1085 395 1298 436 extremis
1345 396 1600 448 expositus,
1661 398 1717 437 ad

70 471 262 508 mortem
306 465 415 518 (imo
457 466 513 505 ad
548 466 686 506 vitam
701 465 725 518 !)
765 479 811 507 se
853 472 1078 520 preparat,
1126 468 1281 508 omnia
1322 468 1599 509 conscientie
1639 482 1719 510 sue

69 543 237 580 secreta
271 539 510 579 euoluens:
559 539 777 592 quicquid
813 539 946 580 saluti
981 540 1262 580 contrarium
1297 541 1486 592 inuenit,
1533 541 1578 581 in
1612 542 1720 582 tutis

70 611 320 665 presbyteri
367 611 557 652 auribus
605 611 809 652 effundit.
887 612 977 662 Qui
1025 611 1064 652 ei
1111 613 1516 666 commemorauit,
1569 618 1617 654 ut
1662 615 1718 655 ad

69 684 283 736 suffragia
325 683 470 724 sancti
503 684 680 725 Thome
712 684 927 738 martyris
961 685 1244 737 confugeret3
1293 686 1480 739 insuper
1519 687 1643 727 dedit
1681 687 1720 728 ei

70 757 314 809 flagellum,
362 756 620 809 iniungens,
668 760 717 797 ut
748 757 992 810 quinquies
1026 757 1216 809 singulis
1248 758 1424 809 diebus,
1472 763 1719 812 antequam

68 833 304 882 gustasset,
337 829 423 869 sibi
450 829 537 882 ipsi
563 833 705 870 tortor
738 829 958 882 existeret,
992 834 1033 870 et
1065 843 1121 871 ne
1151 835 1347 871 cessaret
1371 842 1515 883 genua
1542 831 1721 873 flectere

68 906 110 942 et
156 906 403 955 martyrem
450 901 680 943 inuocare.
773 903 881 943 Post
934 907 1132 956 quatuor
1185 902 1467 956 septimanas
1514 904 1723 944 educitur

70 974 206 1015 miser
238 975 293 1016 de
325 987 520 1026 carcere,
568 975 624 1015 ad
658 974 908 1016 concilium
940 975 1150 1026 trahitur,
1198 976 1253 1015 ad
1297 976 1575 1029 supplicium
1619 990 1722 1017 con-

68 1048 355 1100 dempnatur.
419 1048 613 1088 Tractus
653 1047 806 1101 itaque
846 1061 870 1088 a
903 1048 1199 1089 carnificibus
1231 1048 1289 1088 ad
1322 1048 1474 1089 locum
1510 1049 1720 1103 supplicij

68 1119 257 1160 orbatur
311 1120 478 1172 oculis,
539 1119 814 1172 genitalibus
868 1121 1125 1170 mutilatur3
1188 1125 1229 1161 et
1290 1121 1474 1161 oculum
1535 1122 1721 1175 quidem

71 1191 305 1233 sinistrum
354 1192 506 1233 statim
554 1193 781 1245 integrum
830 1197 1057 1245 eruerunt,
1104 1194 1260 1234 dexter
1298 1198 1452 1234 autem
1495 1194 1540 1234 in
1580 1195 1722 1236 frusta

67 1265 328 1306 conscissus
368 1265 562 1306 effossus
604 1269 681 1306 est.
746 1267 968 1317 Membra,
1016 1266 1184 1320 quibus
1233 1280 1337 1307 eum
1383 1266 1723 1319 mutilauerant,

67 1338 152 1378 sub
185 1337 353 1391 cespite
385 1337 741 1390 absconderunt,
774 1343 815 1380 et
846 1339 1003 1380 relicto
1031 1338 1260 1380 semiuiuo
1287 1339 1510 1381 abierunt.
1560 1340 1723 1381 Secuta

68 1414 132 1450 est
164 1410 387 1451 afflictum
422 1411 518 1451 sola
552 1410 644 1451 filia
679 1412 954 1462 duodennis,
1002 1425 1090 1466 que
1131 1411 1413 1453 incarcerato
1452 1412 1722 1453 alimoniam

43 1482 415 1540 >mendicauerat.
479 1483 707 1524 Paulatim
749 1484 876 1525 fluxu
919 1484 1095 1526 cruoris
1136 1485 1341 1526 restricto
1386 1486 1526 1526 ductu
1575 1486 1724 1539 puelle

68 1554 114 1595 in
162 1555 318 1596 villam
361 1556 681 1597 Bedefordialn
725 1557 879 1610 redijt,
927 1557 1142 1598 misertus
1188 1562 1340 1598 autem
1390 1557 1486 1598 eius
1532 1558 1721 1612 quidam

69 1628 316 1668 Eilbrictus
356 1629 532 1682 excepit
570 1628 700 1669 illum
742 1629 787 1670 in
822 1630 1013 1671 domum
1049 1644 1194 1671 suam.
1260 1630 1383 1671 Fecit
1414 1630 1550 1682 igitur
1582 1630 1644 1671 ibi
1677 1631 1722 1671 in

68 1700 267 1741 tenebris
306 1701 402 1741 dies
440 1714 480 1752 x,
528 1700 693 1755 vigilijs
739 1706 781 1742 et
822 1703 1109 1744 orationibus
1150 1703 1364 1744 intentus.
1429 1704 1570 1744 Nocte
1617 1717 1723 1745 vero

68 1772 157 1813 diei
189 1773 370 1826 decimi,
403 1774 552 1827 prima
578 1774 724 1815 noctis
750 1775 916 1828 vigilia,
949 1776 995 1816 in
1024 1789 1240 1817 somnum
1268 1776 1469 1817 resoluto
1496 1777 1723 1830 apparuit,

68 1859 205 1899 quem
239 1851 495 1899 vocauerat,
544 1846 668 1887 niuei
707 1849 922 1889 candoris
964 1849 1167 1889 vestibus
1206 1848 1418 1899 indutus3
1466 1849 1724 1904 baculoque

69 1919 287 1972 pastorali
320 1920 501 1972 signum
535 1920 683 1961 crucis
716 1921 761 1960 in
787 1921 935 1962 fronte
961 1921 1058 1962 eius
1084 1925 1125 1962 et
1150 1921 1392 1962 oculorum
1418 1921 1724 1962 foraminibus

69 1992 319 2045 depingens
352 1993 437 2033 sub
470 1992 649 2034 silentio
682 1994 915 2035 discedere
956 1994 1080 2034 visus
1122 1998 1199 2035 est.
1264 1994 1618 2047 Expergefactus
1650 1994 1724 2035 ille

70 2068 114 2105 et
144 2064 334 2106 visionis
366 2065 598 2118 negligens
630 2079 790 2106 rursus
816 2067 1113 2108 obdormiuit.
1165 2067 1333 2107 Iterum
1368 2071 1471 2107 ante
1504 2067 1721 2107 lucanum

69 2137 202 2190 redijt
231 2137 278 2178 in
311 2138 427 2178 albis
460 2137 683 2191 dixitque:
733 2139 911 2180 »Homo
945 2140 1077 2191 bone,
1111 2139 1313 2180 dormis‘?
1376 2139 1534 2192 Vigila,
1567 2140 1724 2180 insiste

71 2210 265 2251 orationi
298 2215 340 2252 et
371 2223 500 2263 spem
532 2214 659 2251 tuam
691 2211 738 2251 in
770 2212 856 2252 deo
889 2216 930 2253 et
970 2212 1100 2252 beata
1144 2212 1317 2264 virgine
1352 2212 1495 2252 Maria
1529 2225 1647 2265 pone
1681 2216 1723 2253 et

71 2282 117 2322 in
150 2287 308 2324 sancto
341 2284 535 2335 Thoma,
582 2284 661 2336 qui
693 2287 735 2324 te
767 2284 891 2325 venit
922 2284 1127 2334 visitare,
1176 2289 1216 2324 et
1258 2285 1295 2325 si
1339 2289 1470 2326 nocte
1516 2284 1722 2337 proxima

70 2355 117 2395 in
164 2356 354 2397 ecclesia
402 2357 530 2397 beate
577 2355 764 2408 virginis
819 2357 1120 2398 excubaueris
1174 2361 1278 2397 ante
1331 2358 1470 2397 altare
1518 2357 1722 2398 eiusdem

71 2427 257 2480 virginis
314 2432 356 2469 et
408 2429 455 2469 in
511 2428 601 2469 fide
654 2442 748 2470 non
799 2430 1093 2481 hesitaueris,
1152 2430 1391 2470 oculorum
1443 2429 1724 2470 restitutione

72 2500 330 2551 gaudebis«
396 2501 517 2551 Quid
566 2502 739 2542 multa‘?
801 2502 938 2554 Fecit,
988 2506 1035 2542 ut
1081 2501 1368 2555 premonitus
1413 2502 1520 2547 fuit;
1568 2502 1723 2542 lumen

72 2573 251 2626 recepit.
315 2573 486 2615 Crescit
525 2577 684 2627 stupor
724 2575 917 2627 populo;
967 2579 1007 2614 et
1047 2574 1298 2627 probaturi,
1346 2575 1468 2615 unde
1509 2574 1724 2627 procedat

73 2644 138 2685 vis
185 2645 385 2698 videndi,
432 2646 489 2686 ab
528 2647 674 2687 oculis
715 2647 923 2687 videlicet
966 2647 1099 2687 nouis
1139 2660 1197 2687 an
1236 2647 1293 2687 ab
1334 2647 1568 2687 euacuatis
1612 2647 1724 2686 fora-

160 2790 194 2825 5.
220 2790 257 2825 ei
281 2791 631 2826 commemorauit
650 2791 710 2835 M;
742 2801 835 2826 eum
856 2791 1116 2826 commonuit
1134 2791 1279 2826 Bened.
1300 2791 1453 2826 rectius.
1520 2791 1579 2826 13.
1606 2800 1720 2825 erue-

74 2850 171 2882 runt
202 2846 367 2892 Bened.;
406 2850 601 2883 euertunt
635 2848 684 2884 M.
750 2848 810 2884 15.
843 2848 989 2883 relicto
1023 2859 1052 2883 s.
1085 2848 1300 2884 abierunt:
1342 2847 1410 2892 cfr.
1446 2846 1540 2882 Luc.
1578 2847 1638 2890 10,
1660 2846 1720 2882 30.

77 2904 137 2939 17.
171 2904 485 2940 mendicauerat
516 2903 684 2951 Bened.;
731 2905 1019 2940 vindicauerat
1052 2905 1101 2940 M.
1179 2906 1241 2940 22.
1280 2915 1405 2951 quem
1447 2904 1721 2940 inuocauerat

74 2960 220 2997 Bened.
284 2961 346 2997 25.
380 2964 474 2997 ante
506 2961 704 2997 lucanum
731 2961 895 3006 Bened.;
928 2964 991 2998 afi.
1026 2962 1161 2998 lucafi.
1190 2962 1241 3002 C;
1275 2965 1369 2997 ante
1402 2961 1537 2997 lucem
1562 2960 1722 2999 Arnas,-

75 3017 217 3053 rectius
238 3017 330 3063 fort.
355 3017 431 3053 erit
460 3018 747 3055 antelucanus.
812 3019 874 3054 30.
903 3019 943 3054 in
971 3019 1052 3054 fide
1077 3019 1284 3058 haesitare,
1315 3018 1388 3064 cfr.
1409 3016 1546 3054 Matth.
1569 3017 1722 3061 91,21,·

76 3074 184 3119 epist.
216 3074 351 3111 Jacob.
387 3074 421 3119 1,
443 3075 476 3111 6.

1751 983 1791 1014 10

1751 1346 1791 1377 15

1750 1710 1793 1740 20

1750 2074 1792 2104 25

1750 2437 1792 2468 30
