2242 3551
325 245 498 273 PETRvs
530 244 654 272 OLAI:
690 245 748 272 DE
781 244 953 273 ossnmE
987 245 1200 274 FRATRVM
1233 244 1443 273 M1NoRVM
1627 233 1709 272 323

53 359 432 401 reformacionem
466 357 658 412 predicti
692 363 964 411 conuentus,
1011 363 1217 412 tempore
1256 358 1525 411 guardianie
1557 358 1710 398 fratris

53 432 227 474 Tuonis
259 431 454 473 lectoris.

137 504 623 558 Vicesimusseptimus
655 504 706 545 fr.
742 505 1018 545 Laurentius
1050 505 1282 546 Johannis
1316 505 1504 545 Suecus.

136 577 217 633 (28.
265 578 317 618 fr.
367 577 644 617 Laurentius
693 577 926 617 Johannis
982 578 1038 618 de
1094 577 1413 630 obseruantia,
1473 577 1709 618 institutus

53 651 258 692 minister
290 651 337 690 in
370 650 572 703 capitulo
606 650 750 690 Rome
786 651 891 690 1517
928 648 1025 702 etc.)
1056 648 1068 705 Η
1741 657 1760 687 5

135 729 332 777 (fol.121‘').
390 723 484 764 Sub
532 723 618 762 isto
668 722 901 775 ministro,
949 737 1073 764 anno
1121 723 1297 764 domini
1345 725 1452 764 1517
1502 723 1549 763 in
1596 722 1710 762 festo

52 798 384 852 penthecostes,
417 795 502 836 fuit
534 795 934 847 generalissimum
961 796 1218 850 capitulum
1243 796 1526 836 celebratum
1546 797 1712 845 Rome3

51 872 95 912 in
129 883 221 924 quo
254 869 456 923 capitulo
495 868 783 919 (auctoritate
815 869 1087 921 apostolica)
1125 869 1279 910 ablata
1319 868 1404 909 fuit
1441 868 1639 921 dignitas
1671 872 1713 908 et

52 943 257 985 officium
307 941 638 982 ministeriatus
685 954 709 981 a
758 941 975 983 fratribus
1022 942 1433 994 conuentualibus,
1493 941 1571 995 qui
1618 954 1712 981 non

52 1015 298 1058 seruabant
329 1015 550 1067 regulam,
584 1018 627 1055 et
661 1014 821 1054 datum
856 1020 923 1056 est
954 1015 1174 1056 fratribus
1205 1015 1261 1055 de
1289 1014 1600 1066 obseruantia,
1633 1013 1712 1068 qui
1744 1023 1787 1054 10

52 1102 152 1130 eam
185 1088 457 1139 seruabant3
490 1087 569 1141 qui
603 1088 696 1128 huc
726 1101 871 1142 vsque
903 1088 1163 1128 habuerant
1194 1088 1408 1141 prelatos,
1442 1087 1520 1141 qui
1553 1087 1709 1139 vicarij

51 1162 335 1212 dicebantur,
368 1160 630 1201 differentes
660 1165 815 1201 tamen
849 1173 873 1201 a
908 1160 1131 1201 ministris
1163 1161 1262 1201 solo
1296 1161 1499 1212 nomine,
1532 1173 1625 1200 non
1650 1173 1710 1208 re,

51 1235 307 1276 secundum
339 1233 708 1274 declaracionem
743 1234 972 1287 papalem,
1006 1233 1179 1274 scilicet
1212 1233 1276 1286 Pij
1305 1232 1354 1274 25.
1418 1234 1524 1274 Fuit
1555 1237 1709 1274 tamen

50 1307 297 1348 limitatum
346 1306 553 1347 officium
604 1306 935 1347 ministeriatus
981 1307 1028 1346 in
1076 1307 1165 1347 hoc
1211 1306 1433 1360 capitulo,
1482 1306 1543 1346 ita
1585 1306 1709 1359 quod

50 1393 344 1434 nequaquam
402 1379 623 1420 deberent
676 1392 774 1420 esse
827 1380 898 1429 (de
945 1379 1110 1432 cetero)
1164 1379 1211 1419 in
1260 1379 1416 1420 officio
1462 1393 1606 1433 vsque
1653 1381 1710 1420 ad
1739 1386 1781 1418 15

51 1457 267 1505 mortem,
320 1453 397 1493 sed
447 1452 744 1493 solummodo
792 1465 873 1505 per
919 1452 1196 1505 triennium,
1253 1452 1370 1493 sicut
1416 1452 1574 1505 vicarij
1623 1453 1716 1493 huc

49 1540 192 1581 vsque
233 1526 437 1576 fuerant3
485 1530 527 1567 et
566 1526 651 1567 fuit
690 1526 972 1577 ordinatum,
1019 1529 1066 1566 vt
1112 1538 1288 1578 omnes,
1336 1526 1416 1580 qui
1462 1530 1574 1566 tunc
1610 1529 1714 1566 actu

50 1604 201 1641 essent
246 1599 428 1653 vicarij,
485 1603 778 1640 remanerent
831 1611 976 1652 Vsque
1022 1599 1080 1639 ad
1128 1598 1269 1639 finem
1315 1598 1498 1652 triennij
1549 1598 1620 1639 sui
1667 1598 1714 1638 in

52 1672 205 1713 officio
239 1676 281 1713 et
313 1672 576 1713 dicerentur
608 1671 821 1723 ministri,
867 1661 915 1712 rt
953 1671 1127 1712 dictum
1162 1676 1240 1712 est.
1303 1672 1526 1713 Officium
1559 1675 1711 1712 autem

53 1744 297 1786 vicariatus
345 1744 391 1785 in
440 1745 681 1798 prouincia
730 1744 871 1785 Dacie
925 1748 1037 1785 tunc
1088 1744 1310 1798 temporis
1357 1744 1713 1785 administrabat
1738 1753 1781 1784 20

51 1818 331 1858 reuerendus
372 1821 501 1870 pater
538 1818 677 1858 frater
710 1817 987 1858 Laurentius
1019 1817 1264 1869 Johannis,
1311 1817 1390 1871 qui
1423 1818 1516 1857 iam
1549 1821 1710 1870 quarta

52 1890 149 1931 vice
180 1891 329 1931 fuerat
360 1890 581 1942 vicarius3
618 1890 697 1944 qui
730 1891 878 1931 fuerat
911 1890 1082 1931 electus
1114 1903 1153 1931 a.
1187 1891 1229 1930 d.
1266 1891 1375 1931 1516
1407 1890 1454 1930 in
1487 1889 1710 1931 vicarium

51 1963 97 2003 in
123 1963 324 2017 capitulo
348 1963 624 2016 prouinciali
644 1963 923 2004 Horssnensi
949 1962 1010 2015 (in
1029 1962 1144 2004 festo
1163 1962 1515 2016 Assumpcionis
1535 1962 1712 2012 Marie),

53 2040 93 2076 et
132 2036 353 2077 remansit
392 2035 439 2075 in
481 2035 636 2076 officio
675 2049 820 2091 vsque
859 2037 917 2076 ad
956 2036 1097 2076 finem
1131 2035 1202 2076 sui
1234 2035 1416 2088 triennij
1452 2039 1494 2075 et
1527 2029 1734 2075 sortitus

53 2113 117 2148 est
149 2122 320 2149 nomen
354 2108 566 2149 ministri.
631 2109 812 2149 Fratres
844 2113 1012 2158 autem,
1062 2108 1141 2161 qui
1181 2121 1274 2149 non
1314 2111 1443 2149 erant
1474 2109 1529 2148 de
1562 2108 1714 2148 obser·
1740 2118 1783 2149 25

55 2181 223 2232 uantia,
240 2181 318 2235 qui
336 2182 395 2221 ab
413 2181 647 2235 aliquibus
666 2182 1065 2233 »conuentuales«,
1081 2181 1140 2221 ab
1158 2180 1391 2234 aliquibus
1411 2181 1708 2230 »gaudentes«

53 2253 337 2305 dicebantur,
371 2254 590 2294 deberent
621 2255 676 2294 de
699 2257 848 2294 cetero
872 2254 1041 2294 habere
1064 2254 1307 2307 prelatum,
1339 2253 1418 2306 qui
1446 2253 1708 2305 »magister«

53 2326 383 2367 nominaretur.
447 2326 686 2367 Predictus
719 2331 872 2367 autem
906 2340 939 2367 r.
974 2339 1015 2379 p.
1050 2326 1077 2367 f.
1106 2326 1154 2366 L.
1183 2326 1415 2367 Johannis
1446 2326 1532 2366 fuit
1562 2337 1713 2365 xxv111.

56 2399 262 2440 minister
293 2399 340 2439 in
373 2399 535 2440 ordine
568 2399 901 2440 ministrorum.

140 2472 596 2513 Vicesimusoctauus
636 2472 844 2512 minister
883 2472 1021 2513 frater
1061 2472 1337 2512 Laurentius
1376 2472 1620 2523 Johannis,
1667 2475 1713 2511 vt
1740 2482 1783 2513 30

55 2545 228 2585 dictum
262 2548 339 2586 est.

139 2617 555 2658 Vicesimusnonus
601 2618 809 2658 minister
856 2618 994 2658 frater
1039 2619 1206 2671 Jaspar
1251 2617 1495 2668 Johannis,
1543 2617 1712 2657 electus

56 2701 92 2729 a.
119 2690 160 2730 d.
190 2691 298 2730 1519
330 2690 377 2730 in
410 2690 612 2743 capitulo
646 2691 833 2743 Ripensi
865 2691 927 2742 (in
961 2690 1075 2731 festo
1102 2690 1333 2731 Johannis
1366 2688 1598 2742 baptiste);
1632 2689 1710 2741 qui

56 2761 147 2801 iam
202 2766 306 2802 ante
362 2763 432 2803 bis
480 2759 747 2817 officium(1)
796 2763 1041 2804 vicariatus
1088 2763 1274 2802 functus
1321 2766 1428 2802 erat.
1520 2762 1572 2801 In
1619 2774 1710 2814 quo

57 2834 256 2887 capitulo
291 2848 479 2888 presens
512 2839 607 2876 erat
629 2849 661 2875 r.
690 2849 731 2888 p.
759 2836 785 2876 f.
814 2836 1143 2877 GWielhelmus
1172 2833 1465 2887 Jarnipon(!),
1498 2833 1712 2874 commis·
1739 2845 1782 2876 35

146 2953 177 2988 1.
209 2952 387 2998 predicti
420 2956 669 2995 conuentus,
699 2953 782 2989 scil.
822 2952 1085 2999 Viberyensis.
1165 2952 1285 2987 4—5.
1327 2952 1368 2987 in
1399 2951 1482 2997 fine
1509 2951 1581 2997 fol.
1618 2951 1714 2988 121Γ

55 3010 192 3053 postea
225 3009 376 3046 addita.
442 3009 539 3054 Quoe
569 3012 805 3055 sequuntur,
841 3011 922 3046 iam
955 3010 1142 3056 superius
1173 3011 1345 3044 narrata
1377 3012 1483 3053 sunt,
1517 3008 1587 3045 sed
1617 3009 1654 3045 h
1690 3010 1711 3045 I.

54 3065 216 3110 plenius
248 3067 458 3103 iterantur.
537 3067 570 3102 6.
604 3068 684 3103 isto
717 3068 924 3111 ministro,
972 3068 993 3103 i.
1027 3078 1068 3112 e.,
1107 3068 1219 3112 puto,
1260 3066 1303 3102 L.
1335 3065 1542 3102 Johannis
1573 3066 1710 3103 Sueco.

60 3122 121 3158 30.
155 3122 276 3158 Hunc
308 3135 466 3160 versum
500 3124 638 3159 omisit
669 3125 708 3160 L.

1463 3193 1503 3223 21
