2242 3551
435 941 476 972 10

434 1303 475 1333 15

433 1717 478 1747 20

437 2149 480 2180 25

502 155 586 195 306
845 166 1122 195 SCRIPTORES
1155 167 1382 196 HISTORIAE
1416 148 1594 196 DANlcAE
1625 169 1827 198 MlNOREs

503 281 550 321 in
595 281 684 321 hac
723 285 851 334 parte
890 280 1147 321 cessionem
1185 281 1386 335 recipere
1426 295 1480 323 ac
1519 282 1752 323 licentiam
1792 284 2063 324 transeundi
2102 268 2158 325 ad

503 354 714 394 ordinem
754 353 1028 394 dilectorum
1067 353 1271 394 filiorum
1319 355 1512 395 fratrum
1555 355 1788 395 minorum
1831 356 1871 396 ei
1911 358 2161 398 concedere

503 426 813 478 dignaremur.
877 426 971 466 Nos
1010 425 1178 480 itaque,
1224 427 1463 480 premissis
1501 431 1544 468 et
1583 427 1684 481 alijs
1725 429 1875 468 causis
1914 429 2161 482 legittimis,

504 511 619 551 quas
650 498 773 538 idem
806 499 1184 551 archiepiscopus
1220 500 1389 551 exponi
1420 500 1525 540 fecit
1557 500 1792 541 humiliter
1823 513 1979 541 coram
2013 501 2161 554 nobis,

504 571 742 623 diligenter
763 572 946 624 auditis,
979 584 1033 612 ac
1057 576 1243 625 propter
1268 572 1368 612 illas
1402 573 1497 613 suis
1531 573 1576 613 in
1609 559 1741 626 (hac)
1774 577 1901 626 parte
1924 573 2163 627 desiderijs

503 645 561 684 ad
603 645 819 684 deuotam
853 644 1120 685 instantiam
1155 645 1346 698 predicti
1387 646 1534 699 nuntij
1575 649 1846 697 annuentes,
1892 646 2163 686 fraternitati

503 720 649 757 vestre
681 717 965 769 presentium
998 717 1268 758 auctoritate
1301 719 1651 770 committimus,
1690 718 1924 771 quatinus,
1965 731 2072 758 cum
2105 719 2163 759 ab

504 789 854 842 archiepiscopo
908 789 1085 829 fueritis
1140 790 1377 831 humiliter
1430 791 1657 844 requisiti,
1714 790 1971 831 cessionem
2017 791 2162 844 ipsius

504 863 659 915 quoad
692 875 851 902 curam
884 862 1135 914 regiminis,
1168 876 1252 903 vsu
1286 863 1374 903 sibi
1406 863 1743 916 pontificalium
1774 867 2022 915 reseruato,
2056 864 2163 904 reci-

504 934 639 988 piatis
686 934 783 975 vice
837 939 993 975 nostra
1041 939 1083 974 et
1129 935 1409 987 postulatam
1456 935 1690 975 licentiam
1736 935 1950 976 tribuatis
1997 936 2160 988 eidem,

503 1020 721 1048 concessa
768 1007 911 1047 libera
958 1007 1173 1048 facultate
1215 1008 1451 1048 Lundensi
1498 1008 1714 1061 capitulo,
1761 1012 1808 1049 vt
1854 1022 1908 1048 ex
1953 1012 2065 1048 tunc
2107 1010 2161 1049 de

501 1093 699 1133 persona
739 1080 906 1120 idonea
946 1093 1026 1132 per
1065 1079 1333 1120 electionem
1375 1080 1650 1121 canonicam
1684 1081 1771 1121 sibi
1804 1081 2082 1134 prouideant
2112 1082 2158 1121 in
2217 1094 2220 1096 ’

502 1156 747 1205 pastorem.
840 1152 976 1202 Quod
1035 1153 1071 1192 si
1125 1165 1219 1193 non
1270 1153 1409 1193 ambo
1457 1152 1546 1205 hijs
1594 1154 1874 1206 exequendis
1921 1154 2160 1207 potueritis

501 1225 734 1277 interesse,
782 1226 894 1265 alter
938 1229 1141 1266 vestrum
1183 1238 1233 1266 ea
1282 1225 1617 1275 nichilominus
1664 1230 1929 1279 exequatur.
1993 1228 2159 1267 Datum

503 1298 691 1350 Viterbij
726 1311 784 1338 vl.
820 1298 927 1338 Idus
961 1298 1128 1351 Aprilis
1161 1298 1460 1351 pontificatus
1493 1298 1639 1338 nostri
1670 1311 1794 1338 anno
1831 1300 1881 1339 ,4.

504 1428 557 1452 *ἦ
1163 1414 1518 1481 (Epitaphium.)

779 1511 977 1556 Jacobus‚
1009 1511 1185 1546 ecclesie
1219 1511 1457 1546 Lundensis
1479 1514 1637 1557 *pastor
1669 1512 1886 1557 honestus,

782 1580 945 1615 Primas
977 1580 1157 1626 Vpsalie,
1190 1590 1357 1615 morum
1390 1580 1596 1625 grauitate
1629 1580 1858 1625 modestus,

782 1649 875 1685 Huc
907 1659 950 1684 se
983 1649 1144 1695 portari
1178 1651 1275 1684 voto
1309 1648 1467 1694 collega
1501 1648 1714 1684 minorum

780 1718 923 1763 Jussit,
956 1720 1069 1753 sorte
1104 1718 1193 1763 pari
1227 1717 1334 1753 foret
1366 1720 1409 1753 vt
1440 1728 1617 1752 consors
1650 1718 1911 1754 meritorum.

592 1852 679 1893 Hic
717 1853 991 1893 venerabilis
1031 1852 1226 1893 moritur
1258 1852 1518 1893 Lundensis
1552 1854 1943 1907 archiepiscopus,
1992 1854 2161 1894 Meritis

503 1929 550 1966 vt
582 1925 801 1976 creditur,
849 1938 902 1966 ac
948 1925 1112 1978 plenus
1160 1926 1391 1966 bonorum
1440 1939 1648 1978 operum,
1695 1928 1900 1967 Jacobus
1939 1927 2162 1968 vocitatus

505 1998 708 2038 Erlandi.
773 1998 1046 2051 Requiescat
1085 1998 1174 2049 hic,
1222 2011 1344 2038 anno
1389 1998 1566 2039 domini
1603 2001 1712 2039 1274
1753 2000 1838 2040 sub
1871 2000 2085 2053 lampade
2116 1999 2162 2038 in

505 2071 648 2111 choro
694 2071 1049 2111 honoriticentia
1096 2071 1249 2111 debita
1296 2072 1565 2113 tumulatus.
1650 2072 1777 2125 Obijt
1822 2072 1869 2112 in
1916 2072 2162 2123 dominica,

507 2156 598 2196 qua
631 2147 842 2183 cantatur
876 2143 1130 2184 inuocauit.
1166 2141 1177 2197 [l
1208 2152 1295 2196 (Hic
1319 2152 1452 2194 finitur
1475 2153 1539 2194 fol.
1569 2150 1683 2197 109⁰).

608 2222 837 2268 (fol.112vin
853 2227 959 2265 parte
975 2224 1127 2267 dextra).
1162 2216 1503 2257 M.CCC.XVIII
1538 2217 1756 2257 dominus
1789 2221 1830 2257 et
1862 2217 1999 2257 frater
2033 2217 2163 2256 Hen-

508 2287 678 2342 ricus,
725 2289 968 2341 episcopus
1018 2289 1317 2329 Reualiensis.
1382 2289 1467 2330 Hic
1500 2289 1585 2329 fuit
1616 2289 1661 2329 in
1696 2289 1898 2342 capitulo
1929 2290 2079 2339 Asloe,
2125 2292 2165 2328 et

598 2446 634 2482 5.
667 2445 747 2480 hac
778 2444 929 2481 addidi.
1006 2445 1071 2480 21.
1107 2444 1255 2494 Merit(
1293 2446 1336 2490 P,
1381 2445 1450 2480 sed
1487 2445 1665 2491 aliquem
1706 2455 1883 2481 errorem
1931 2444 1995 2480 his
2043 2444 2165 2479 inesse

511 2505 693 2548 apparet,
726 2513 819 2537 clim
853 2501 972 2537 verba
1005 2503 1107 2537 recle
1137 2503 1334 2547 coniungi
1364 2513 1447 2537 non
1477 2503 1658 2548 possin&
1690 2501 1834 2538 scribsi.
1866 2502 1998 2537 credo:
2033 2500 2162 2537 Lund.

512 2560 862 2606 archiepiscopus
910 2558 1007 2594 bene
1057 2560 1241 2605 meritiis,
1289 2563 1331 2594 vt
1376 2559 1574 2604 creditur,
1622 2569 1670 2595 ac
1709 2560 1762 2606 pl.
1804 2560 1840 2595 b.
1883 2570 1918 2595 o.
1966 2557 2051 2607 (cfr.
2084 2557 2165 2593 Act.

513 2619 638 2662 apost.
660 2618 694 2661 9,
709 2617 780 2653 36:
815 2616 993 2652 Tabitha
1015 2647 1020 2652 .
1040 2645 1059 2660 .,
1088 2616 1213 2662 plena
1244 2617 1368 2652 bonis
1401 2615 1628 2664 operibus).
1692 2617 1871 2652 24—25.
1905 2616 2164 2651 dominica..

514 2675 737 2710 Inuocauit
758 2688 802 2704 z
825 2673 889 2709 die
922 2672 983 2711 19.
1020 2673 1233 2709 Februarii
1266 2673 1379 2710 1274.
1457 2674 1520 2710 26.
1552 2673 1655 2709 Ante
1686 2674 1790 2709 anni
1819 2684 2051 2718 numerum,
2099 2670 2166 2718 qui

516 2732 578 2775 (ui
617 2731 659 2767 in
694 2742 733 2777 ρ.
767 2730 858 2776 307,
878 2730 919 2775 3)
965 2730 1139 2776 fortasse
1181 2731 1397 2777 siginificat,
1445 2742 1524 2777 quo
1562 2741 1674 2766 anno
1715 2731 1900 2766 ordinem
1941 2729 2163 2773 intrauerii,

514 2790 653 2834 postea
685 2788 869 2823 additum
903 2789 976 2824 esi:
1009 2791 1099 2823 erat
1130 2789 1356 2834 episcopus
1384 2789 1502 2824 1304.
1564 2788 1853 2834 Episeopcziizm
1887 2787 2164 2823 Reualiensem

519 2856 610 2881 eum
644 2845 767 2880 annis
800 2844 1073 2881 1298—1320
1112 2846 1262 2881 remisse
1298 2846 1396 2881 dicit
1423 2844 1622 2881 Lindbaelc
1653 2846 1675 2881 I.
1709 2846 1730 2881 l.
1760 2856 1800 2890 p.
1836 2844 1899 2889 39,
1947 2844 2017 2890 qui
2047 2844 2165 2879 etiam

521 2901 667 2938 ibidem
700 2903 747 2937 de
780 2902 839 2947 iis,
873 2902 943 2948 qui
975 2903 1016 2937 in
1048 2912 1153 2948 seqq.
1186 2902 1471 2948 nominantur,
1504 2903 1693 2949 quaedam
1724 2901 1854 2938 habet.
1916 2902 1979 2937 27.
2012 2901 2055 2937 in
2078 2909 2164 2945 cap.

520 2959 654 3004 Asloe,
686 2960 752 2995 vid
779 2970 819 3004 p.
853 2959 943 3003 308,
979 2958 1043 2996 13.
