2242 3551
570 212 626 238 DE
662 211 852 240 Esiumo
888 212 943 239 ET
979 212 1168 240 PA'errs
1203 212 1301 239 Eivs
1683 203 1766 241 433

98 327 372 376 iocundum,
423 330 463 366 et
508 337 589 377 ego
633 339 901 366 mensuram
946 327 1118 367 bonam
1161 331 1202 366 et
1246 327 1497 367 confertam
1545 331 1586 366 et
1625 328 1771 379 coagi-

98 403 240 440 tatam
274 403 316 439 et
347 398 755 451 supereffluentem
791 399 914 439 dabo
948 399 991 438 111
1029 400 1244 440 horreum
1275 404 1446 440 tuum.«
1500 399 1634 449 Quod
1664 413 1770 441 cum

98 473 144 512 in
193 471 282 512 fide
330 484 413 511 sua
464 470 659 511 firmiter
706 470 1010 523 promisisset,
1058 472 1177 511 datis
1224 472 1368 513 eciam
1418 472 1772 514 fideiussoribus

96 544 481 586 intercessoribus
537 543 837 597 supradictis,
900 544 1123 584 dimissus
1181 550 1246 585 est
1304 546 1489 586 tandem
1543 546 1657 587 liber
1713 546 1768 587 ad

99 619 304 658 humana
338 617 520 658 reuerti.
571 616 793 657 Redditus
823 616 979 669 itaque
1006 617 1091 657 sibi
1121 618 1363 658 confestim
1389 619 1569 672 aperuit
1596 620 1770 671 oculos,
1798 626 1816 654 5

97 694 372 744 receptoque
408 703 491 730 vsu
526 689 747 743 loquendi
781 689 979 730 surrexit
1016 694 1057 730 et
1092 691 1205 731 sedit
1242 690 1284 730 in
1317 691 1482 732 lectulo
1509 705 1613 743 suo;
1648 706 1772 733 mox-

98 776 186 817 que
227 763 273 803 in
316 762 513 803 iubilum
558 775 807 816 erumpens
852 763 969 815 cepit
1010 763 1212 803 clamare
1246 776 1351 803 cum
1385 764 1554 815 gaudio
1589 776 1770 818 magno,

97 836 279 877 dicens:
333 835 635 876 »Benedictus
669 836 809 876 deus!
859 847 940 886 ego
974 835 1194 876 liberatus
1229 849 1330 876 Sum
1367 841 1407 876 01
1441 837 1643 890 amplius
1676 851 1769 878 non

97 909 289 949 ardebo!
369 908 557 949 (111-30135
606 919 691 960 ago
739 908 836 961 tibi,
887 912 1045 949 sancta
1096 908 1168 949 dei
1216 909 1410 960 genitrix
1461 910 1604 963 virgo,
1662 911 1771 964 quia

97 981 300 1022 liberasti
329 995 402 1022 me
434 983 489 1021 de
515 981 731 1022 incendio
756 981 857 1033 isto,
890 985 932 1021 et
955 982 1158 1035 amplius
1182 994 1273 1022 non
1298 982 1517 1023 ardebol«
1555 984 1770 1024 Videntes
1800 987 1838 1017 10

98 1054 265 1107 cuncti,
298 1054 379 1108 qui
411 1054 617 1106 aderant,
651 1054 993 1095 adolescentem
1029 1054 1159 1095 illum
1196 1056 1251 1095 de
1283 1055 1445 1095 mortis
1478 1055 1616 1097 ianua
1642 1070 1770 1097 reuo-

97 1132 252 1168 catum
301 1127 361 1168 ita
409 1128 687 1168 clamantem
741 1132 782 1168 et
832 1127 892 1168 ita
942 1141 1022 1180 pre
1069 1128 1238 1180 gaudio
1284 1128 1566 1180 gestientem,
1618 1129 1767 1169 mirati

99 1201 231 1241 valde
280 1199 636 1241 sciscitabantur
685 1201 744 1241 ab
792 1214 845 1241 eo
896 1205 1019 1241 tante
1060 1200 1204 1241 leticie
1246 1213 1449 1241 causam.
1516 1202 1615 1254 Ipse
1664 1216 1769 1243 vero

97 1286 177 1326 per
218 1273 417 1313 multum
461 1274 683 1327 temporis
730 1274 940 1327 spacium
992 1274 1055 1314 nil
1103 1273 1225 1314 aliud
1269 1274 1420 1315 dicere
1468 1278 1644 1327 poterat
1682 1275 1770 1315 nisi

97 1347 450 1386 tantummodo:
490 1347 612 1387 »Deo
637 1347 827 1398 gracias
864 1359 945 1399 ego
973 1360 1065 1387 11011
1098 1347 1285 1400 ardebo,
1319 1358 1400 1399 ego
1430 1361 1520 1387 11011
1550 1348 1767 1389 ardebol«
1800 1356 1839 1385 15

100 1418 155 1458 Et
201 1431 309 1459 cum
354 1419 508 1472 sepius
551 1419 665 1460 illud
710 1420 960 1473 repetisset,
1009 1421 1195 1460 tandem
1246 1433 1500 1461 conuersus
1549 1422 1604 1461 ad
1652 1421 1770 1473 illos,

98 1492 208 1545 quid
242 1491 327 1532 sibi
364 1492 622 1544 accidisset,
672 1493 745 1533 uel
780 1492 889 1547 quid
925 1493 1128 1545 vidisset,
1178 1507 1257 1546 per
1289 1493 1497 1534 ordinem
1534 1494 1768 1534 indicauit.

99 1565 227 1604 Vnus
275 1569 427 1605 autem
470 1578 523 1605 ex
563 1565 691 1619 ipsis„
740 1566 808 1607 vir
850 1566 1002 1607 bonus
1047 1570 1088 1606 et
1131 1567 1352 1615 eruditus,
1400 1566 1673 1608 hesitanteni
1715 1568 1770 1607 de

96 1638 273 1678 visione
305 1638 649 1680 adolescentem
677 1639 906 1680 secrecius
939 1639 1113 1693 alloqui
1147 1644 1284 1693 atque
1318 1640 1543 1680 instruere
1574 1641 1767 1687 curauit,

97 1710 273 1751 dicens:
328 1710 475 1752 »Scito
526 1724 821 1765 prenoscens,
870 1711 1077 1753 futurum
1127 1717 1168 1752 te
1217 1726 1314 1753 esse
1363 1713 1518 1764 magni
1565 1713 1767 1753 nominis
1795 1723 1836 1752 2«)

97 1784 248 1823 virum
299 1788 341 1824 et
382 1785 575 1836 gradum
618 1784 819 1825 maxime
865 1784 1100 1837 dignitatis
1147 1786 1192 1826 in
1243 1786 1433 1826 ecclesia
1484 1786 1766 1826 sortiturum.

98 1856 247 1906 Quem
282 1868 388 1896 cum
423 1856 607 1899 fauente
640 1859 727 1898 deo
761 1858 957 1911 adeptus
990 1857 1145 1909 fueris,
1180 1862 1359 1912 oportet
1390 1863 1431 1898 te
1465 1858 1510 1898 in
1542 1859 1765 1899 honorem

98 1928 170 1969 dei
218 1933 259 1969 et
306 1933 463 1970 sancte
512 1930 700 1982 Virginis
749 1930 909 1971 matris
957 1931 1249 1972 diuersorum
1308 1931 1526 1972 ordinum
1573 1931 1766 1972 cenobia

98 2002 303 2055 quinque
337 2002 392 2042 de
424 2006 504 2043 tuo
539 2008 821 2054 construere,
859 2003 905 2043 in
940 2004 1112 2058 quibus
1144 2005 1269 2045 iuxta
1304 2017 1519 2045 mensure
1551 2004 1632 2044 tibi
1666 2017 1767 2057 pro-

98 2074 244 2127 posite
278 2075 513 2115 racionem
548 2076 809 2116 habeantur
842 2077 897 2117 ad
928 2077 1084 2117 minus
1111 2090 1306 2130 persone
1331 2077 1577 2118 duodecim
1603 2077 1765 2117 diuino
1791 2087 1833 2117 25

98 2147 261 2199 iugiter
293 2147 518 2201 obsequio
552 2148 871 2190 famulantes«
941 2149 1041 2203 Hijs
1077 2150 1153 2190 ille
1186 2150 1354 2191 auditis
1387 2149 1570 2190 interim
1604 2149 1763 2195 tacuit;

98 2221 191 2272 sed,
239 2233 377 2273 quem
418 2234 488 2261 res
531 2221 704 2261 exitum
745 2222 962 2263 habitura
1004 2222 1131 2274 foret,
1181 2236 1360 2276 semper
1403 2221 1627 2262 sollicitus
1668 2222 1762 2263 fuit.

101 2293 244 2333 Porro
278 2292 324 2333 in
358 2292 458 2347 ipsa
492 2293 670 2335 visione
703 2294 1014 2347 significatum
1053 2300 1119 2337 est
1151 2296 1204 2345 ei,
1236 2299 1326 2336 tres
1352 2295 1456 2335 illos
1479 2295 1764 2336 venerabiles

98 2366 235 2417 viros,
271 2367 348 2420 qui
384 2379 467 2418 pro
501 2379 554 2407 eo
587 2367 913 2409 intercessores
946 2369 1200 2419 extiterant,
1234 2380 1339 2408 cum
1373 2368 1527 2408 adhuc
1558 2367 1605 2408 in
1628 2380 1763 2408 carne

98 2438 325 2490 degerent,
360 2440 520 2479 eodem
556 2452 680 2480 anno
712 2440 809 2481 fore
842 2442 897 2481 de
931 2442 1108 2481 mundo
1137 2440 1432 2491 migratur083
1466 2441 1590 2494 quod
1616 2440 1760 2480 eciam
1791 2451 1833 2482 30

100 2510 292 2551 celerius
326 2511 572 2552 subsecuta
606 2525 732 2553 mors
765 2526 925 2554 eorum
962 2526 1119 2554 verum
1156 2512 1294 2552 fuisse
1328 2511 1665 2565 comprobauit.

187 2583 241 2623 ΙΙ.
292 2584 517 2624 Processu
551 2597 658 2625 vero
686 2585 922 2638 temporis,
957 2598 1062 2626 cum
1097 2585 1298 2638 prefatus
1332 2585 1615 2635 adolescens,
1648 2587 1762 2624 etate

99 2655 269 2708 pariter
317 2661 358 2696 et
405 2657 629 2710 sapientia
678 2669 903 2708 crescens,
953 2658 1045 2698 iam
1092 2658 1138 2697 in
1187 2658 1338 2697 virum
1384 2657 1613 2710 optimum
1663 2669 1762 2709 pro-

189 2759 221 2793 1.
255 2769 498 2794 mensuram
526 2759 680 2795 bonam
708 2763 795 2802 etc.7
827 2759 899 2805 cfr.
922 2759 1015 2795 Luc.
1036 2761 1070 2804 6,
1092 2759 1153 2794 38.
1219 2762 1253 2795 4.
1289 2759 1457 2795 tandem
1492 2759 1600 2794 liber
1622 2769 1699 2794 om.
1732 2759 1761 2794 E

97 2813 222 2862 (letus
261 2815 357 2851 dim.
392 2819 453 2851 est
485 2816 537 2851 ad
571 2817 608 2851 h.
642 2828 673 2852 r.
710 2815 768 2864 B).
848 2818 882 2852 6.
922 2817 964 2852 in
1006 2816 1161 2852 lectulo
1194 2827 1271 2852 suo
1306 2817 1354 2858 E;
1401 2827 1478 2852 suo
1512 2827 1590 2852 om.
1623 2817 1672 2855 Ᾱ;
1719 2817 1760 2851 111

99 2872 208 2908 10010
235 2872 324 2909 ΒΜ.
390 2873 423 2909 8.
457 2883 532 2919 ego
565 2884 644 2909 om.
679 2875 720 2915 E,
755 2874 847 2909 item
880 2873 1022 2909 omnia
1061 2873 1179 2909 verba
1212 2872 1401 2921 (9—10):
1434 2874 1760 2910 Gracias..non

99 2929 268 2965 ardebo.
331 2930 366 2965 9.
402 2930 477 2965 tibi
509 2939 586 2976 ago
614 2931 659 2966 Β,
725 2931 786 2966 16.
811 2941 1047 2966 conuersus
1081 2931 1247 2966 tandem
1278 2929 1429 2980 E(M·?).
1494 2932 1557 2967 22.
1583 2931 1761 2977 adeptus

99 2986 233 3031 AM&
274 2987 450 3022 sortitus
483 2987 529 3022 B.
619 2988 673 3023 ob
716 2988 922 3024 honorem
960 2988 1004 3022 Β.
1082 2988 1145 3023 25.
1179 2988 1424 3025 duodecim:
1468 2999 1567 3024 nam
1601 2988 1761 3024 modius

101 3042 211 3079 bladi
249 3043 433 3079 Parisius
479 3044 658 3079 continet
694 3044 769 3079 XII
810 3045 1001 3089 sexterla,
1050 3044 1150 3080 alibi
1191 3045 1335 3091 plura;
1383 3046 1458 3083 vid.
1507 3045 1759 3091 Ducanyius.

102 3100 164 3136 27.
204 3111 328 3146 quem
377 3112 444 3137 res
489 3101 644 3137 exitum
686 3102 723 3136 h.
768 3101 802 3145 fi,
849 3100 921 3146 cfr.
955 3100 1063 3137 Ruth
1099 3101 1220 3144 3‚18.
1297 3103 1360 3139 31.
1399 3103 1625 3139 subsecuta
1664 3102 1759 3142 AM2

101 3160 243 3193 secuta
268 3158 310 3193 E.
380 3158 442 3194 32.
469 3168 564 3193 cum
591 3168 669 3194 om.
702 3160 744 3193 Α.
808 3158 986 3194 32—33.
1021 3161 1177 3195 etate..
1198 3170 1405 3199 crescens.
1437 3160 1508 3206 cfr.
1530 3160 1623 3196 Luc.
1642 3160 1677 3204 2,
1698 3159 1756 3195 JJO.

169 3234 270 3263 Script.
293 3234 357 3258 hist.
381 3234 451 3257 Dan.
474 3234 609 3258 minores.
1510 3227 1552 3256 28
