2242 3551
392 978 434 1009 10

394 1363 436 1394 15

395 1756 437 1787 20

397 2119 440 2150 25

457 194 511 234 46
798 203 1073 233 SCRIPTORES
1107 204 1332 233 msTomAE
1365 203 1541 232 DANICAE
1573 204 1771 233 MINOREs

459 319 581 361 cauit
612 332 718 360 eum
750 320 806 359 ad
840 318 1124 371 apostolum3
1165 318 1401 372 apostolus
1433 322 1586 359 autem
1620 317 1871 371 baptizauit
1902 330 2021 365 eum,
2063 321 2103 357 et

460 393 645 444 signans
698 404 803 432 eum
851 391 980 442 signo
1027 391 1178 431 crucis
1224 404 1389 432 sanum
1434 391 1559 431 abire
1605 390 1824 444 permisit.
1916 389 2105 430 Curauit

458 465 780 518 imperatorem
822 463 1176 504 Constantinum
1218 477 1243 504 a
1283 463 1407 517 lepra
1447 463 1741 516 elephantina
1787 461 2106 503 sanctissimus

460 550 578 590 papa
612 537 861 589 Syluester;
909 540 950 576 et
989 536 1047 576 ab
1086 535 1163 576 illa
1205 536 1277 577 die
1310 540 1351 576 et
1382 536 1611 589 deinceps,
1659 539 1932 589 cooperante
1964 534 2105 586 gratia

460 609 639 660 Christi,
671 622 695 649 a
728 609 835 660 iugo
862 608 1119 648 infidelium
1144 612 1185 649 et
1209 608 1557 649 idololatrarum
1583 607 1891 648 christianitas
1916 607 2104 647 liberata

459 681 656 735 sumpsit
687 681 1034 721 incrementum.
1098 681 1148 721 In
1190 681 1306 721 libro
1344 682 1494 734 primo
1535 682 1589 721 de
1621 680 1713 721 vita
1746 679 1888 720 sancti
1922 678 2105 719 Martini

459 754 519 795 ita
565 753 746 806 legitur:
813 754 971 807 »Apud
1019 753 1243 807 Parisius,
1298 754 1410 794 dum
1457 757 1637 806 portam
1684 752 1882 793 ciuitatis
1929 751 2107 803 magnis

459 839 615 867 secum
662 825 807 866 turbis
856 825 1072 866 euntibus
1117 825 1323 866 introiret
1368 826 1529 866 beatus
1577 825 1824 877 Martinus,
1873 825 2107 879 leprosum

460 898 704 939 miserabili
742 898 855 939 facie
894 897 1188 938 horrentibus
1228 898 1404 939 cunctis
1444 898 1678 939 osculatus
1711 902 1777 938 est
1808 901 1944 951 atque
1976 897 2108 937 bene-

460 971 594 1020 dixit;
625 970 871 1024 statimque
893 970 1021 1011 omni
1043 970 1166 1011 malo
1189 971 1466 1011 emundatus
1489 975 1670 1024 postero
1694 971 1766 1011 die
1788 971 1845 1010 ad
1870 969 2107 1010 ecclesiam

460 1044 647 1085 veniens
704 1042 863 1083 nitenti
920 1046 1021 1083 cute
1067 1043 1234 1095 gratias
1280 1056 1361 1097 pro
1409 1043 1620 1092 sanitate,
1682 1056 1822 1097 quam
1870 1045 2107 1094 receperat,

460 1117 660 1168 agebat«
727 1116 856 1156 Unde
890 1116 1048 1156 beatus
1081 1116 1351 1157 Ambrosius
1383 1117 1429 1156 in
1462 1117 1654 1169 hymno:

971 1221 1118 1256 Pacem
1152 1221 1319 1268 leproso
1352 1222 1457 1257 dans
1491 1222 1580 1257 viro

971 1289 1117 1325 sordes
1151 1289 1311 1335 fugauit
1343 1289 1552 1334 ulcerumg

970 1362 1020 1402 et,
1052 1358 1165 1404 quod
1198 1362 1365 1394 sanaret
1398 1359 1627 1397 morbidos,

970 1426 1168 1462 Jordanis
1201 1430 1261 1463 est
1293 1428 1333 1463 in
1368 1428 1524 1463 osculo.

550 1528 739 1569 Curauit
778 1528 1012 1581 leprosum
1053 1531 1238 1568 sanctus
1285 1528 1528 1581 episcopus
1569 1528 1763 1581 Blasius,
1811 1528 1890 1582 qui
1929 1531 2112 1581 propter

463 1601 622 1642 merita
656 1605 697 1640 et
729 1600 1065 1640 sanctissimam
1098 1600 1238 1641 vitam
1271 1614 1404 1641 suam
1432 1600 1611 1641 Blasius
1631 1602 1824 1652 Magnus
1856 1600 2112 1654 appellatus

463 1678 540 1715 est.
603 1674 893 1714 Curauerunt
924 1676 965 1712 et
996 1671 1069 1725 alij
1105 1673 1249 1713 sancti
1282 1673 1508 1726 leprosos;
1555 1674 1633 1714 sed
1676 1686 1779 1714 raro
1812 1678 1963 1713 tamen
1998 1673 2113 1712 inter

465 1746 685 1786 miracula
740 1758 898 1785 eorum
957 1744 1226 1785 huiusmodi
1282 1746 1455 1786 curatio
1517 1746 1680 1797 legitur
1739 1750 1818 1786 aut
1877 1745 2110 1798 reperitur.

465 1818 653 1859 Curauit
684 1818 819 1869 igitur
851 1821 1036 1857 sanctus
1062 1817 1267 1857 Thomas
1298 1818 1504 1871 leprosos
1531 1831 1558 1857 v
1591 1822 1633 1858 et
1665 1818 1878 1871 amplius,
1912 1822 1961 1857 ut
1991 1821 2113 1870 patet

464 1891 626 1943 legenti
672 1890 813 1930 libros
852 1889 1179 1929 miraculorum
1222 1890 1331 1930 eius.
1410 1890 1599 1931 Curauit
1646 1891 1834 1944 insuper
1879 1890 2111 1943 quendam

465 1963 784 2015 Radulphum‚
836 1961 914 2014 qui
961 1974 987 2001 a
1034 1965 1292 2014 pentecoste
1340 1976 1485 2016 usque
1532 1964 1589 2003 ad
1636 1964 1889 2003 aduentum
1937 1961 2113 2002 domini

466 2035 700 2088 speciosus
757 2038 798 2073 et
851 2034 1024 2086 absque
1079 2034 1259 2074 macula
1316 2036 1504 2086 mansit3
1566 2037 1850 2088 domumque
1902 2047 2114 2075 reuersus

467 2107 646 2148 occulto
693 2106 762 2146 dei
811 2106 982 2146 iudicio
1020 2107 1135 2146 adeo
1182 2107 1390 2159 leprosus
1430 2108 1656 2161 apparuit,
1704 2108 1827 2161 quod
1875 2119 2114 2160 nunquam

467 2180 657 2220 extiterit
696 2178 906 2230 contagio
949 2179 1071 2231 lepre
1111 2179 1349 2219 sordidior.
1414 2180 1611 2220 Causam
1646 2179 2009 2220 deteriorationis
2042 2179 2114 2218 ille

554 2307 674 2343 2—3.
721 2307 895 2342 Curauit
941 2307 1236 2353 imperatorem
1285 2310 1376 2343 etc:
1424 2318 1473 2344 ex
1517 2307 1602 2343 Vita
1647 2307 1683 2344 S.
1722 2307 1918 2354 Syluestri
1962 2307 2114 2353 aliqua,

465 2363 637 2410 fortasse
667 2374 724 2406 ea,
759 2374 882 2410 qaam
914 2363 1058 2399 Sarius
1091 2363 1130 2399 1'11
1162 2363 1229 2400 Vit.
1257 2364 1389 2400 Sanct.
1423 2375 1546 2401 mens,
1579 2364 1761 2401 Decemb.
1795 2364 1952 2409 (Coton.
1990 2364 2114 2408 1618)

465 2420 701 2467 publicauit,
753 2420 821 2457 ubi
858 2420 943 2456 lzaec
982 2420 1125 2466 fabula
1162 2432 1200 2466 p.
1234 2420 1313 2457 369
1345 2432 1400 2468 sq.
1447 2423 1487 2457 in
1531 2433 1644 2468 capp.
1677 2421 1877 2457 IX--XIV
1913 2421 2117 2467 proliaeias

470 2480 684 2520 narratam
717 2477 844 2513 verbis
878 2480 1011 2513 tamen
1043 2478 1125 2513 suis
1157 2481 1299 2514 auctor
1328 2481 1464 2515 noster
1487 2490 1582 2514 usas
1607 2481 1687 2524 est;
1719 2480 1759 2515 in
1786 2479 1870 2515 Vita
1896 2479 2118 2524 imperator

461 2535 619 2570 ‘morbo
644 2546 764 2570 sacro
797 2538 837 2571 et
867 2535 981 2581 lepra
1018 2534 1219 2570 laborasse
1249 2536 1405 2572 dicitur.
1468 2535 1502 2572 6.
1532 2537 1681 2572 sumsit
1710 2537 1760 2573 M.
1825 2537 1858 2571 9.
1888 2535 2115 2571 miserabili

468 2591 634 2637 Salpie.;
666 2592 847 2627 mirabili
882 2593 932 2628 Μ.
998 2593 1059 2628 11.
1094 2596 1309 2638 receperat
1336 2592 1502 2638 Sulpic.;
1534 2597 1703 2640 ceperat
1735 2593 1785 2628 M.
1849 2593 1911 2629 12.
1946 2592 2119 2628 Ambro-

471 2650 557 2684 sius
604 2650 644 2685 in
689 2649 867 2694 hymno:
914 2649 1061 2684 scilicet
1107 2648 1146 2684 in
1195 2649 1351 2695 hymno
1393 2649 1553 2686 LXXV.
1604 2650 1644 2686 in
1685 2650 1823 2686 Natali
1866 2650 1901 2685 S.
1950 2649 2118 2685 Martini

470 2706 645 2751 episcopi
691 2705 863 2751 [Miyne‚
919 2705 1150 2751 Patroloqia
1200 2705 1366 2751 Latina,
1422 2706 1501 2742 Vol.
1553 2707 1615 2751 17,
1661 2718 1700 2752 p.
1752 2706 1856 2742 1255
1897 2709 1993 2752 sq),
2052 2705 2119 2741 ubi

471 2773 607 2798 versus
631 2762 654 2797 3
679 2763 735 2798 sic
761 2762 968 2798 scribitur:
1003 2763 1063 2806 Et⁷
1095 2763 1208 2809 quod
1241 2764 1455 2799 lauaret
1486 2764 1764 2808 morbidum,
1793 2761 1796 2801 Ι
1823 2763 2018 2799 Jordanis
2044 2766 2117 2799 etc.

469 2818 598 2867 (quod
645 2820 801 2863 dicitur,
849 2820 902 2855 ad
947 2820 1144 2855 Jordanis
1190 2818 1375 2869 (flumen)
1419 2820 1616 2868 relatam).
1694 2820 1752 2856 De
1798 2820 1996 2856 miraculo
2043 2819 2119 2855 hoc

472 2876 656 2912 videatur
669 2876 813 2922 Sulpic.
832 2876 999 2912 Severus
1021 2877 1069 2912 de
1094 2876 1173 2912 vita
1200 2876 1232 2912 b.
1259 2875 1427 2912 Martini
1450 2887 1536 2922 cap.
1560 2877 1620 2914 18.
1669 2877 1896 2923 Appellatio
1919 2877 2117 2912 Jordanis

471 2935 621 2979 spectat
659 2933 711 2968 ad
751 2934 1028 2969 narrationem
1069 2933 1116 2968 de
1153 2933 1346 2969 Naaman
1382 2934 1484 2979 Syro
1527 2934 1568 2969 in
1610 2934 1764 2979 Reyam
1805 2933 1868 2969 lib.
1901 2933 1964 2978 IV,
1998 2934 2118 2976 5,14.

475 2991 536 3025 25.
572 3001 787 3036 nunquam
825 2991 881 3035 M3
916 3001 1037 3026 nemo
1073 3001 1257 3036 unquam
1292 2990 1440 3025 Benea'.
