2242 3551
376 957 416 989 10

376 1322 416 1352 15

447 178 504 216 28
791 176 1066 217 SCRIPTORES
1098 189 1324 217 HISTORIAE
1356 189 1531 216 DANICAE
1563 188 1761 216 MINORES

445 302 647 354 amplius
686 315 825 356 quam
868 314 966 352 xxx,
1013 315 1129 355 quos
1169 302 1265 355 ipse
1307 303 1454 343 Verbo
1502 302 1589 342 vite
1637 302 1815 342 Christo
1862 305 2089 353 genuerat,

446 374 577 414 suaui
610 374 717 426 iugo
747 374 913 415 Christi
941 374 1112 414 collum
1145 375 1368 415 submisit,
1418 375 1653 425 Quantum
1687 378 1838 413 autem
1873 373 2091 425 profuerit

445 446 636 486 dilectus
669 447 753 486 deo
787 445 938 486 ordini
972 446 1263 499 Cistertiensi,
1308 447 1400 487 imo
1434 446 1684 486 uniuersali
1717 445 1903 485 ecclesie
1937 449 2089 485 sancte

444 518 530 568 dei,
577 522 766 558 testatur
806 519 1061 558 Alexander
1100 531 1218 571 papa
1264 519 1310 559 in
1351 519 1554 571 epistola,
1602 531 1741 572 quam
1789 518 1844 557 ad
1893 518 2090 570 prelatos

446 590 632 631 ecclesie
651 590 842 643 scripsit.
883 590 954 630 Ait
981 591 1120 630 enim:
1160 591 1532 631 »Sacrosanctam
1553 592 1809 631 Romanam
1837 589 2090 640 ecclesiam,

444 661 517 702 cui
549 666 733 703 auctore
766 663 851 703 deo
878 663 1177 716 presidemus,
1211 664 1443 716 quondam
1473 663 1557 702 sub
1583 662 1736 714 grauis
1761 661 2091 715 persecutionis

443 734 624 774 turbine
671 735 957 775 laborantem
1007 735 1184 775 amicus
1231 735 1301 775 dei
1347 735 1607 776 Bernardus
1654 739 1746 774 tam
1794 734 1882 775 vite
1929 733 2090 773 merito

444 819 583 859 quam
624 807 727 847 date
767 807 853 847 sibi
893 807 1050 847 celitus
1091 807 1310 860 sapientie
1353 807 1504 847 studio
1537 807 1822 855 sustentauit,
1870 810 1919 846 ut
1957 806 2091 858 digne

444 877 629 930 quidem
664 883 705 919 et
737 879 869 919 nobis
902 884 943 920 et
975 879 1192 920 omnibus
1222 880 1425 920 eiusdem
1453 879 1641 919 ecclesie
1668 878 1772 931 filijs
1796 879 1842 918 in
1869 879 2090 919 memoria

443 951 684 991 habendus
729 951 785 991 sit
831 956 872 992 et
918 952 1164 992 deuotione
1212 956 1427 1005 perpetua
1476 952 1801 991 venerandus«
1894 951 2090 991 Virtutes

444 1023 582 1063 huius
622 1024 806 1075 gloriosi
846 1029 999 1065 narrat
1037 1025 1188 1064 omnis
1221 1024 1409 1064 ecclesia
1443 1027 1721 1064 sanctorum.
1786 1025 1901 1063 Nam
1935 1023 2013 1077 qui
2045 1024 2089 1063 id

444 1096 513 1135 vel
552 1109 605 1136 ex
645 1101 770 1148 parte
802 1097 916 1137 scire
957 1096 1250 1148 affectauerit,
1298 1097 1414 1147 legat
1446 1095 1585 1135 libros
1619 1108 1659 1147 V,
1707 1095 1784 1148 qui
1824 1096 1878 1135 de
1921 1095 2011 1135 vita
2053 1100 2093 1135 et

444 1167 687 1208 virtutibus
721 1169 925 1209 eiusdem
958 1169 1202 1221 conseripti
1246 1173 1362 1208 sunt.
1430 1169 1580 1219 Longe
1620 1171 1773 1207 tamen
1816 1168 2092 1208 eminentius

443 1239 489 1279 in
522 1239 616 1280 suis
648 1240 744 1293 ipse
777 1241 903 1281 libris
936 1246 1124 1294 apparet
1157 1245 1198 1281 et
1230 1255 1283 1281 ex
1315 1240 1471 1280 litteris
1505 1239 1702 1292 proprijs
1735 1240 1991 1291 innotescit,
2032 1240 2091 1280 ita

445 1316 490 1351 ut
525 1312 684 1352 merito
714 1313 825 1353 illud
853 1313 1211 1354 Ambrosianum
1244 1313 1330 1365 ipsi
1364 1312 1507 1365 possit
1538 1312 1705 1364 aptari:
1737 1312 1940 1351 ‘Laude
1973 1312 2093 1364 ipse

443 1397 496 1423 se
536 1389 712 1436 sonet,
749 1384 753 1437 Ι
792 1389 839 1425 et
876 1386 1170 1425 laureatus
1216 1385 1415 1438 spiritu
1459 1385 1462 1435 Ι
1506 1384 1741 1437 scriptis
1789 1387 2093 1424 coronetur

443 1456 580 1496 suis'.
630 1456 673 1497 Si
701 1457 804 1511 quis
836 1457 958 1498 enim
994 1471 1127 1498 nosse
1160 1457 1400 1508 desiderat,
1433 1469 1573 1509 quam
1606 1456 1811 1496 solicitus
1845 1456 1915 1495 sui
1947 1456 2091 1509 ipsius

442 1528 715 1569 diiudicator
748 1534 790 1569 et
822 1534 1044 1570 scrutator
1076 1529 1281 1581 extiterit,
1327 1530 1496 1569 librum
1537 1528 1914 1568 ‘Meditationum'
1948 1528 2093 1581 ipsius

442 1603 559 1651 legat
599 1605 639 1641 et
678 1614 794 1654 opus
833 1602 955 1641 illius
995 1603 1063 1642 ‘de
1096 1602 1311 1653 gradibus
1345 1600 1641 1642 humilitatis‘.
1707 1600 1751 1641 Si
1785 1601 1989 1653 queritur
2021 1602 2092 1654 pie

375 1682 393 1712 2
444 1672 609 1712 mentis
642 1673 850 1724 religiosa
882 1673 1080 1725 deuotio,
1115 1673 1445 1713 transeundum
1479 1660 1561 1725 <acl
1583 1658 1717 1725 eam),
1750 1685 1886 1725 quem
1914 1672 2093 1725 scripsit

439 1736 510 1784 cde
551 1745 686 1784 laude
718 1745 905 1797 virginis
939 1745 1123 1796 matris‘,
1171 1749 1212 1784 et
1250 1745 1393 1793 illum,
1442 1758 1579 1799 quem
1617 1745 1686 1784 ‘de
1726 1744 1955 1796 diligendo
1994 1745 2090 1785 deo'

442 1816 596 1868 edidit,
643 1817 834 1867 librum,
883 1818 919 1857 si
963 1818 1142 1858 feruens
1182 1821 1338 1858 contra
1384 1830 1574 1857 suorum
1617 1817 1686 1857 vel
1735 1817 1930 1856 aliorum
1973 1817 2089 1857 vicia

441 1889 579 1940 zelus,
626 1889 799 1940 legatur
835 1890 885 1941 is,
934 1903 1069 1944 quem
1102 1889 1473 1942 cApologeticum'
1507 1893 1661 1939 vocat,
1709 1889 1745 1929 si
1778 1889 1883 1940 vigil
1916 1889 1963 1928 in
1995 1890 2090 1930 zelo

442 1964 483 2001 et
509 1961 839 2014 circumspecta
865 1961 1091 2013 discretio,
1115 1962 1184 2001 ‘de
1202 1966 1414 2014 precepto
1434 1967 1475 2002 et
1493 1961 1843 2014 dispensatione'
1864 1961 2091 2001 disserens

442 2069 596 2115 2623,-
642 2070 689 2105 de
716 2081 755 2116 ρ.
789 2070 1007 2115 28,2-11
1052 2069 1293 2114 (Alexandri
1329 2070 1517 2116 epistula)
1559 2070 1629 2116 cfr.
1671 2070 1747 2106 iba.
1776 2081 1816 2116 ρ.
1849 2070 1927 2107 244
1949 2071 2000 2115 C,·
2046 2070 2093 2106 (16

438 2137 478 2171 ρ.
513 2125 844 2173 28,13-29,16
888 2127 1074 2172 6Γ1·.,ι“1)(1,
1114 2138 1153 2172 ρ,
1194 2127 1419 2173 3041)*-10,
1454 2128 1529 2164 305
1579 2128 1796 2171 (nonnulla
1846 2130 1980 2163 tamen
2026 2127 2091 2162 hic

441 2185 577 2219 noster
605 2184 653 2219 de
684 2194 756 2219 suo
788 2184 946 2220 addidit
977 2184 1016 2219 in
1047 2195 1085 2229 ρ.
1110 2184 1315 2231 28,18sq.
1349 2187 1384 2220 et
1415 2184 1478 2230 29,
1501 2185 1548 2221 11
1567 2187 1664 2231 sq),
1696 2185 1743 2220 (16
1770 2196 1809 2231 p.
1841 2185 1906 2229 29,
1928 2185 2091 2221 16-18

441 2239 510 2285 cfr.
553 2239 629 2276 ibd.
668 2252 708 2286 ρ.
743 2241 896 2285 304A,·
940 2241 988 2277 de
1014 2252 1055 2287 p.
1090 2241 1153 2286 29,
1177 2241 1340 2277 18—20
1369 2253 1407 2288 ρ.
1442 2242 1591 2286 323Α,
1639 2242 1687 2278 (16
1715 2253 1754 2288 ρ,
1784 2241 2047 2287 29,21-30,
2068 2242 2092 2278 3

439 2296 511 2342 cfr.
543 2308 582 2342 ρ.
616 2297 694 2333 325
712 2298 806 2342 DE,-
851 2299 899 2334 (16
936 2309 974 2344 p.
1009 2298 1071 2341 30,
1093 2298 1199 2333 3-8
1237 2297 1307 2343 cfr.
1336 2310 1375 2344 p.
1409 2298 1487 2335 324
1508 2299 1556 2343 (3,-
1602 2299 1650 2335 (16
1684 2310 1723 2344 p.
1757 2298 1819 2344 30,
1840 2298 1976 2334 8—19
2018 2299 2089 2345 cfr.

437 2365 475 2399 ρ.
509 2354 588 2389 257
608 2354 652 2390 Ε.
719 2355 861 2390 Varias
891 2356 1115 2401 scripturas
1147 2355 1303 2401 aliquot
1332 2366 1381 2391 ex
1411 2356 1519 2391 Actis
1550 2356 1792 2391 Sanctorum
1831 2357 2015 2401 sumptas
2049 2356 2089 2391 in

440 2412 732 2447 commentario
751 2423 837 2447 meo
856 2413 984 2448 littera
1002 2412 1035 2447 Α
1054 2412 1227 2457 3191161111.
1277 2423 1311 2458 p.
1333 2414 1470 2453 27.20.
1500 2413 1769 2449 Bernhardus
1789 2414 1822 2448 H
1839 2413 2089 2459 plerumque.

527 2469 561 2503 2.
602 2469 723 2504 suaui
764 2469 872 2514 iugo,
918 2468 987 2514 cfr.
1022 2468 1161 2504 Matth.
1195 2469 1256 2514 11,
1277 2469 1336 2505 30.
1421 2470 1541 2506 2--3.
1575 2470 1733 2516 profuit
1765 2471 1802 2506 cl.
1837 2470 2008 2505 domino
2043 2470 2088 2505 H.

442 2525 562 2560 3-—4.
595 2536 678 2562 ecc.
713 2530 880 2571 sanctae,
913 2526 1131 2572 diligenter
1162 2525 1399 2574 testa(n)tur
1432 2528 1477 2562 H.
1555 2528 1588 2563 6.
1622 2528 1799 2563 authore
1832 2527 2003 2562 domino
2038 2528 2085 2563 H.

442 2583 780 2628 perseqvutionis
828 2584 874 2618 H.
953 2584 985 2618 7.
1035 2583 1194 2618 amicus
1242 2583 1401 2618 domini
1450 2585 1495 2619 H.
1560 2585 1620 2620 12.
1669 2585 1732 2620 vel
1779 2584 1838 2628 M,
1886 2584 1993 2619 ultra
2042 2584 2088 2619 H.

442 2646 490 2683 vg
506 2637 544 2686 (i.
563 2650 590 2674 6,
610 2638 813 2687 quinque)
832 2641 885 2685 H;
916 2640 1108 2675 videlicet
1119 2638 1159 2687 (1)
1176 2639 1214 2675 S.
1282 2641 1340 2675 14.
1360 2640 1490 2677 literis
1510 2642 1601 2686 HM,
1635 2644 1677 2676 ut
1699 2641 1836 2676 solent.
1902 2642 1963 2676 15.
1983 2640 2087 2675 illud

440 2695 783 2732 Ambrosianum:
845 2708 893 2732 ex
939 2696 1095 2742 hymno
1140 2696 1266 2732 LXIV
1309 2697 1356 2733 (16
1401 2697 1436 2733 S.
1482 2698 1642 2734 Joanne
1687 2698 1867 2743 apostolo
1921 2696 2086 2743 (Miyne,

442 2751 673 2798 Patroloyia
708 2754 868 2798 Latina,
908 2754 986 2790 Vol.
1008 2753 1069 2799 17,
1100 2754 1293 2798 121248),
1329 2754 1395 2790 ubi
1427 2765 1562 2790 versus
1593 2755 1649 2790 sic
1681 2755 1845 2799 legitur:
1887 2754 1965 2789 Sed
1997 2754 2086 2800 ipse

440 2809 563 2844 laude
609 2815 777 2846 resonet
823 2810 918 2858 (pro
961 2812 994 2846 fe
1037 2808 1162 2858 sonet)
1207 2814 1279 2846 ete.
1361 2813 1421 2847 18.
1462 2811 1614 2847 librum
1661 2812 1975 2847 Meditationum
2022 2811 2088 2846 hic

442 2876 523 2900 non
568 2867 757 2902 nominat
802 2869 846 2904 Α.
938 2867 1209 2903 meditionum
1259 2868 1292 2904 C
1337 2868 1453 2916 (corr.
1499 2867 1669 2916 Arnas),
1717 2868 1998 2903 meditationis
2040 2868 2086 2905 H.

445 2923 619 2959 18—19.
653 2935 702 2959 m.
736 2925 825 2960 eius
859 2924 881 2959 l.
914 2927 952 2959 et
984 2935 1018 2960 o.
1052 2925 1184 2970 ipsius
1212 2925 1258 2959 H.
1323 2926 1384 2960 20.
1418 2925 1469 2960 ad
1503 2936 1596 2961 eum
1630 2926 1720 2961 add.
1739 2925 1882 2960 Arnas.
1960 2935 2083 2969 quem

442 2980 502 3024 Μ;
548 2982 661 3025 quod
695 2981 741 3016 H.
818 2982 996 3017 21—22.
1032 2985 1069 3016 et
1101 2992 1208 3024 eum,
1248 2992 1371 3027 quem
1405 2982 1441 3017 d.
1474 2982 1510 3017 d.
1544 2983 1715 3017 domino
1748 2982 1887 3023 edidit,
1930 2982 2083 3017 librum

442 3039 514 3073 etc.
550 3038 596 3082 Η,
628 3049 651 3073 a
685 3049 763 3083 qao
795 3039 949 3083 reliqua
983 3048 1105 3083 usqae
1136 3038 1189 3073 ad
1217 3050 1256 3084 ρ.
1292 3039 1354 3078 30,
1375 3038 1398 3074 3
1429 3037 1772 3086 (Consummatis)
1802 3037 1957 3074 absunt.
