2242 3551
462 219 568 249 v1TA
601 218 800 249 GvNNEm
833 219 1038 250 EPISCOP1
1070 220 1368 251 VIBERGENsts
1662 212 1744 253 269

92 334 323 392 proposita
357 334 597 389 questione
629 335 686 375 ad
720 334 1055 388 disputandum
1083 349 1160 377 eos
1187 337 1485 389 prouocauit;
1519 337 1583 378 eis
1609 339 1748 390 pluri-

93 421 219 450 mum
262 420 400 460 super
439 407 528 461 hijs
570 407 687 448 inter
720 420 767 448 se
799 407 1143 458 altercantibus,
1191 412 1425 462 postremo
1467 409 1562 462 ipse
1605 410 1750 450 subri-

92 482 240 522 dendo
273 479 405 520 dixit:
445 479 641 520 »Taliter
672 484 713 520 et
745 479 895 520 taliter
927 481 1154 521 deberetis
1187 482 1504 535 respondisse3
1549 483 1651 522 talis
1685 488 1749 523 est

92 553 220 595 istius
252 553 508 606 questionis
541 552 757 593 solucio.«

174 627 224 667 V.
287 626 453 666 Nullus
493 629 646 666 autem
688 625 882 666 clericus
921 626 983 666 ita
1022 626 1152 667 rudis
1198 628 1257 667 ad
1305 640 1410 667 eum
1459 627 1582 668 venit
1622 632 1663 668 et
1702 628 1748 668 in
1777 635 1795 664 5

92 699 312 753 obsequio
355 711 439 739 suo
479 697 643 751 iugiter
682 711 762 752 per
794 699 969 753 aliquot
1002 711 1149 739 annos
1182 700 1451 752 permansit,
1498 701 1622 755 quod
1656 714 1749 741 non

91 777 183 814 tam
215 772 262 812 in
295 771 563 812 clericatura
598 784 737 825 quam
771 771 819 812 in
853 784 1039 812 morum
1080 772 1320 812 honestate
1359 772 1600 826 proficeret
1633 773 1750 814 miro

93 845 241 886 modo.
292 845 409 885 Nam
443 845 559 885 bene
590 848 681 885 tres
713 844 945 896 monachi,
978 844 1056 898 qui
1090 857 1173 897 pro
1207 848 1412 898 tempore
1446 858 1572 887 more
1606 847 1751 900 capel-

92 919 302 959 lanorum
344 930 450 958 cum
492 931 544 958 eo
584 918 783 970 fuerunt,
831 917 938 958 facti
980 921 1086 957 sunt
1125 921 1283 971 postea
1327 918 1505 959 nobiles
1545 919 1748 960 abbates,

94 992 336 1044 Dompnus
374 989 491 1030 enim
527 991 651 1031 Suno
696 1003 775 1043 per
817 991 986 1030 multos
1019 1003 1168 1030 annos
1200 1003 1345 1044 vsque
1378 991 1435 1031 ad
1469 991 1749 1045 decrepitam
1781 999 1819 1029 10

93 1067 370 1105 senectutem
405 1063 649 1104 abbaciam
683 1064 799 1103 Tute
832 1063 966 1103 uallis
998 1060 1010 1117 Η
1041 1063 1298 1116 peroptime
1330 1063 1456 1104 rexit.
1506 1064 1750 1118 Dompnus
1780 1068 1940 1102 Fol.47¹'.

92 1140 244 1178 autem
288 1136 440 1178 Sueno
480 1140 522 1177 et
563 1137 798 1189 dompnus
837 1136 1091 1188 Johannes,
1139 1137 1193 1176 de
1234 1136 1405 1189 quibus
1448 1141 1551 1190 post
1581 1138 1667 1179 hec
1704 1138 1751 1178 in

93 1209 250 1251 ordine
283 1222 367 1250 suo
400 1210 599 1263 quedam
634 1208 829 1250 dicenda
864 1212 983 1260 sunt,
1031 1209 1132 1249 loco
1165 1208 1239 1249 isti
1271 1209 1439 1250 Vtiliter
1471 1210 1750 1263 prefuerunt.

94 1282 293 1334 Quidam
327 1295 512 1336 quoque
544 1282 617 1335 alij
654 1282 888 1335 monachi,
921 1281 997 1336 qui
1033 1294 1190 1323 secum
1224 1281 1408 1322 suerunt
1439 1296 1521 1336 pro
1545 1287 1751 1337 tempore

95 1360 448 1408 commorantes,
480 1355 587 1396 facti
620 1359 728 1396 sunt
759 1355 934 1409 priores
959 1355 1030 1395 vel
1056 1355 1193 1395 etiam
1218 1354 1404 1408 perfecti
1430 1356 1750 1409 predicatores.
1781 1366 1820 1396 15

95 1428 374 1470 Clericorum
413 1428 550 1469 etiam
595 1441 785 1469 suorum
826 1428 1018 1483 quidam
1058 1431 1214 1481 postea
1254 1427 1360 1469 facti
1394 1433 1501 1469 sunt
1534 1429 1751 1484 episcopi,

94 1501 310 1555 prepositi
343 1506 385 1542 et
408 1501 626 1553 magistri.
678 1502 947 1555 Dompnum
972 1514 1176 1554 namque
1193 1501 1454 1541 Johannem
1480 1502 1751 1556 episcopum

95 1573 419 1626 Burglanensis
468 1573 588 1615 sedis
630 1574 894 1625 antistitem,
941 1574 1094 1615 virum
1134 1586 1214 1627 per
1252 1573 1410 1614 omnia
1458 1575 1753 1616 commenda-

95 1646 230 1687 bilem
254 1650 442 1701 tamque
465 1647 511 1687 in
535 1647 804 1688 clericatura
828 1659 967 1701 quam
993 1646 1203 1687 moribus
1226 1645 1470 1699 insignem,
1495 1651 1751 1688 extremum

94 1719 364 1760 clericorum
397 1733 589 1761 suorum
622 1719 730 1770 vidi,
763 1719 1011 1774 ipsumque
1045 1719 1331 1773 episcopum,
1364 1721 1552 1773 quando
1577 1720 1750 1774 aliquid
1779 1731 1821 1761 20

95 1785 313 1846 scriptum
368 1793 539 1834 habere
591 1793 744 1845 vellet,
798 1792 960 1832 audiui
1014 1792 1244 1833 dicentem
1302 1792 1407 1833 sibi:
1474 1793 1751 1843 »Jol1annes‚

95 1865 248 1919 accipe
285 1866 556 1907 caucionem
596 1869 725 1905 tuam
767 1869 809 1906 et
843 1865 984 1906 veni«
1050 1866 1104 1905 At
1135 1865 1225 1918 ille,
1272 1865 1497 1906 continuo·
1527 1866 1752 1919 arripiens

96 1939 414 1979 membranam
453 1942 495 1979 et
532 1938 812 1990 incaustum,
860 1937 975 1978 sedit
1017 1939 1075 1978 ad
1118 1939 1258 1991 pedes
1296 1938 1394 1978 eius
1436 1942 1478 1978 et
1510 1938 1752 1990 scribebat,

95 2024 181 2064 que
212 2011 309 2065 ipse
341 2011 556 2052 dictabat.
620 2011 676 2051 Et
717 2012 778 2051 ita
818 2011 1016 2051 multum
1050 2011 1264 2064 profecit3
1313 2011 1507 2052 callidus
1548 2011 1670 2052 enim
1712 2015 1754 2052 et

95 2088 270 2125 astutus
303 2097 357 2125 ac
387 2084 551 2125 docilis
584 2084 736 2125 statim
770 2083 890 2137 cepit
922 2097 1032 2124 esse.
1088 2084 1417 2125 Verumtamen
1450 2084 1548 2137 ipse
1580 2087 1752 2137 postea,
1780 2093 1821 2124 25

97 2157 309 2209 magister
341 2161 384 2198 et
415 2148 661 2211 episcopus
693 2156 855 2209 factus,
903 2169 1055 2197 mores
1098 2160 1140 2196 et
1176 2157 1367 2198 virtutes
1406 2156 1465 2210 pij
1508 2156 1649 2210 patris
1682 2156 1753 2197 sui

95 2241 176 2282 pro
218 2230 383 2271 maiori
425 2235 550 2284 parte
593 2233 777 2271 secutus
820 2233 899 2270 est.
962 2230 1064 2283 Ipse
1097 2229 1266 2270 etenim
1301 2229 1454 2283 sepius
1488 2229 1601 2269 dixit
1632 2242 1679 2269 se
1712 2233 1753 2269 et

96 2301 209 2343 alios
251 2303 296 2343 in
338 2303 466 2344 curia
507 2316 591 2344 sua
630 2307 721 2343 tam
763 2302 810 2342 in
844 2315 1030 2343 morum
1063 2302 1303 2343 honestate
1335 2314 1476 2355 quam
1508 2301 1556 2342 in
1588 2301 1754 2342 littera-

183 2460 216 2496 8.
249 2459 464 2509 bene(bf1)
493 2471 523 2496 s.
550 2471 583 2498 υ.
613 2460 704 2496 add.
730 2459 775 2496 C.
865 2459 1184 2507 capellanorum
1211 2460 1234 2504 †
1263 2458 1303 2495 in
1332 2460 1438 2494 textu
1464 2457 1510 2502 C,
1542 2457 1686 2494 deinde
1710 2458 1750 2493 in

99 2525 225 2563 mary.
251 2517 343 2555 add.
371 2519 394 2563 †
425 2528 521 2553 cum
555 2529 604 2554 eo
636 2517 817 2554 fuerunt.
882 2518 946 2554 10.
981 2517 1093 2553 enim
1126 2516 1272 2563 scripsi
1301 2514 1499 2564 (dubitari
1528 2516 1636 2551 enim
1669 2526 1751 2551 non

94 2575 240 2620 potest,
297 2576 395 2621 quin
445 2577 521 2611 tres
566 2575 625 2611 itti
671 2574 866 2611 monachi
907 2574 1063 2621 fuerint
1107 2573 1288 2617 abbates,
1336 2573 1406 2619 qui
1452 2573 1535 2608 iam
1581 2583 1752 2608 comme-

99 2631 348 2681 morantur);
397 2636 535 2669 autem
571 2632 616 2677 C,
658 2635 695 2668 et
731 2632 879 2678 saepius
910 2632 974 2668 lia:
1003 2632 1217 2678 particulae
1251 2631 1356 2667 inter
1384 2641 1425 2666 se
1452 2632 1754 2676 permutantur.

104 2688 162 2724 12.
186 2689 324 2725 Sueno
348 2691 501 2726 mirum
524 2692 598 2735 est,·
622 2690 758 2726 nullus
781 2690 888 2725 enim
913 2689 1039 2725 abbas
1061 2689 1185 2725 huius
1206 2687 1388 2724 nominis
1411 2687 1658 2723 monasterio
1678 2687 1753 2722 &m

100 2744 206 2789 (loco
225 2747 307 2793 isti)
323 2747 537 2793 praefuisse
555 2748 719 2783 videtur.
756 2746 803 2783 H.
816 2747 931 2783 Otrils
947 2758 1039 2783 eum
1055 2746 1182 2792 fuisse
1196 2747 1326 2792 putat,
1346 2745 1416 2791 qui
1433 2743 1558 2780 abbas
1576 2744 1754 2780 Michael

101 2804 336 2840 nominatas
368 2805 437 2850 sit,·
483 2816 555 2851 eqo
591 2805 728 2851 potius
770 2806 975 2840 auctorem
1009 2804 1057 2840 de
1087 2803 1284 2848 Suenone,
1332 2801 1476 2838 abbate
1512 2801 1755 2842 Vitescholoe.

100 2860 169 2905 qui
203 2872 243 2908 p.
275 2862 367 2908 208,
397 2863 420 2898 4
460 2863 716 2911 nominatur,
763 2862 960 2908 coyitasse
1001 2864 1102 2907 puto
1148 2863 1185 2896 et
1228 2870 1364 2896 errore
1410 2859 1617 2894 memoriae
1663 2869 1754 2894 eum

104 2916 216 2954 Carae
239 2919 388 2956 Insutae
421 2919 607 2956 abbatem
630 2919 789 2956 dixisse.
857 2920 918 2956 15.
941 2922 1040 2955 sunt
1066 2929 1094 2955 s.
1120 2929 1153 2956 υ.
1180 2917 1271 2953 add.
1297 2917 1342 2953 C.
1408 2918 1471 2953 22.
1495 2917 1755 2958 caucionem,

103 2975 342 3012 vocabulum
380 2976 484 3012 mihi
520 2977 720 3024 ignotam,
767 2977 876 3023 quod
911 2987 963 3013 ne
1000 2975 1242 3021 Ducanyius
1283 2974 1448 3021 quictem
1486 2972 1617 3018 habet,
1664 2984 1755 3019 cap-

101 3032 232 3069 sulam
272 3033 475 3070 scribendi
505 3035 775 3070 instrumenta
807 3034 1078 3070 continentem
1112 3032 1345 3078 significare
1378 3031 1544 3068 videtur.
1620 3031 1682 3066 23.
1717 3034 1756 3067 et

102 3088 307 3139 icaustum
340 3103 384 3139 C.
449 3104 510 3139 24.
545 3103 706 3139 calidus
741 3103 786 3140 C.
