2242 3551
561 262 703 294 vETvs
735 262 963 294 caRonA
995 263 1232 294 smLANmE
1667 254 1714 295 51

70 383 293 438 quinque,
339 382 416 422 sed
466 380 602 422 etiam
650 380 805 433 plures
852 380 1069 433 spiritalis
1116 380 1415 433 professionis
1462 385 1718 422 conuentus

70 468 260 498 euocare
302 453 503 505 curauit3
551 453 666 493 inter
706 466 822 507 quos
862 453 998 493 etiam
1034 453 1338 495 Cistertiensis
1381 454 1557 495 ordinis
1590 455 1721 504 duos,

70 542 214 569 unum
254 529 308 568 de
340 513 482 581 (ipsa)
514 527 654 567 domo
688 526 982 577 Cistertiensi,
1030 527 1224 566 alterum
1267 528 1322 567 de
1356 526 1627 578 Claraualle,
1674 527 1721 567 in

70 600 254 655 optimis
285 604 400 640 terre
433 613 513 640 sue
546 599 659 640 locis
691 603 914 653 tanquam
942 599 1054 640 vites
1079 599 1335 640 fructiferas
1359 599 1520 640 vinum
1545 600 1721 640 iusticie

70 673 375 726 germinantes
412 672 673 726 pastinauit.
738 672 793 712 Et
825 675 873 712 ut
906 671 1102 725 perfecte
1135 672 1432 725 semetipsum
1466 672 1721 724 redimeret,

71 758 427 798 mensuramque
469 745 641 786 bonam
674 749 716 785 et
748 744 1152 798 supereffluentem
1185 745 1431 785 liberatrici
1465 758 1558 797 sue,
1606 745 1723 786 sicut

70 818 352 872 promiserat,
400 818 694 872 persolueret,
735 817 941 872 quinque
973 817 1275 858 cenobiorum
1317 817 1586 859 fundatione
1618 831 1722 859 con-

69 896 219 932 tentus
258 904 355 932 esse
396 890 556 943 noluit,
605 892 683 931 sed
723 890 811 931 alia
850 895 987 945 atque
1027 891 1114 931 alia
1155 895 1247 930 tam
1289 891 1344 931 de
1378 904 1460 931 suo
1494 904 1634 944 quam
1667 892 1722 932 de

70 964 263 1005 aliorum
312 963 517 1004 fidelium
565 965 688 1004 dono
730 964 905 1004 studuit
937 963 1162 1004 edificare.
1200 987 1250 991 —
1284 963 1502 1004 Sanctum
1536 977 1720 1017 quoque

72 1037 369 1089 Bernardum,
402 1036 827 1077 reuerentissimum
847 1036 1115 1077 Clareuallis
1147 1036 1375 1088 abbatem,
1409 1037 1512 1077 licet
1541 1037 1722 1089 longius

69 1124 94 1151 a
134 1123 180 1150 se
219 1114 462 1163 remotum,
509 1110 654 1151 nimio
694 1110 998 1151 venerabatur
1033 1110 1218 1159 affectu3
1266 1122 1350 1149 nec
1382 1114 1624 1150 contentus
1657 1114 1722 1150 est

70 1183 116 1224 in
155 1182 261 1236 filijs
301 1196 406 1223 eum
450 1182 616 1234 videre,
663 1195 769 1223 cum
816 1196 992 1223 nouum
1040 1182 1287 1223 cenobium
1333 1184 1359 1233 †
1406 1183 1602 1223 eundem
1652 1197 1723 1224 ex-

71 1256 319 1296 struxisset.
382 1255 514 1296 Venit
552 1255 689 1308 igitur
729 1255 1104 1305 Claramuallem;
1152 1268 1290 1309 quem
1331 1268 1354 1295 a
1398 1255 1569 1296 finibus
1607 1260 1722 1296 terre

71 1342 163 1369 non
205 1328 445 1369 curiositas
487 1328 715 1369 audiende
747 1328 968 1381 sapientie
1001 1329 1079 1368 sed
1112 1327 1220 1369 fidei
1252 1329 1376 1369 zelus
1410 1333 1451 1368 et
1483 1329 1720 1381 plenitudo

71 1400 328 1442 deuotionis
358 1405 614 1442 attraxerat.
678 1401 766 1442 Ubi
798 1405 1024 1455 quantum
1058 1401 1248 1454 fleuerit,
1281 1401 1465 1455 qualem
1499 1414 1595 1442 sese
1628 1415 1721 1442 non

56 1474 210 1530 ,modo
242 1485 345 1526 erga
379 1487 499 1527 eum,
539 1487 677 1528 quem
709 1478 802 1514 tam
837 1475 970 1515 unice
1004 1474 1297 1527 suspiciebat,
1337 1475 1415 1514 sed
1449 1475 1585 1514 etiam
1619 1486 1722 1527 erga

71 1546 289 1587 minimos
335 1547 563 1601 quoslibet
611 1547 802 1587 fratrum
850 1547 1121 1600 exhibuerit,
1168 1561 1263 1588 non
1301 1552 1367 1588 est
1408 1547 1539 1587 facile
1584 1548 1721 1588 dictu.

72 1619 269 1660 Demum
312 1620 367 1660 ad
413 1633 521 1661 suos
561 1633 640 1673 per
678 1624 793 1661 terre
826 1620 1057 1674 marisque
1090 1620 1244 1674 spacia
1278 1620 1535 1674 periculosa
1568 1621 1722 1674 redijt3

71 1704 154 1732 nec
194 1692 336 1733 multo
376 1697 478 1746 post
516 1694 602 1733 hec
643 1693 798 1746 elapso
840 1697 1046 1747 tempore
1078 1693 1367 1733 tristissimus
1400 1706 1559 1733 rumor
1591 1707 1723 1734 aures

72 1764 168 1805 eius
214 1765 405 1819 perculit
452 1766 507 1807 de
553 1765 829 1806 dormitione
876 1766 996 1807 beati
1042 1766 1148 1818 viri,
1196 1765 1406 1819 specialis
1453 1765 1589 1806 amici
1637 1766 1720 1806 sui.

73 1838 228 1891 Itaque
260 1840 593 1879 commendans
626 1839 864 1879 ecclesiam
898 1839 1185 1893 principibus
1210 1842 1338 1891 terre,
1372 1838 1538 1879 relictis
1565 1852 1724 1892 paren-

71 1910 203 1959 tibus,
239 1914 280 1951 et
326 1911 598 1966 propinquis
645 1911 823 1966 ipsique
876 1912 1023 1965 patrio
1071 1912 1230 1965 cespiti
1275 1911 1557 1961 valedicens,
1620 1911 1723 1952 exul

73 1983 275 2036 egregius
305 1983 661 2025 Claramuallem
692 1984 817 2025 venit
849 1985 1204 2038 sepulcrumque
1236 1984 1355 2025 beati
1389 1984 1474 2024 viri
1506 1984 1723 2032 visitauit,

71 2055 149 2095 ubi
191 2056 327 2100 etiam
366 2056 483 2097 mori
523 2057 698 2109 delegit.
764 2057 851 2098 Ubi
890 2057 1026 2098 etiam
1068 2070 1193 2098 sacre
1234 2056 1466 2109 religionis
1512 2057 1723 2097 habitum

71 2128 154 2169 deo
201 2129 401 2170 donante
441 2129 738 2183 postmodum
782 2131 995 2184 suscepit,
1042 2129 1279 2171 deuotioni
1326 2141 1452 2170 sacre
1501 2129 1723 2170 orationis

160 2281 191 2318 1.
230 2282 418 2327 quinque
452 2281 507 2327 H3
552 2292 587 2318 v.
622 2283 672 2318 M.
759 2283 999 2329 spirituales
1033 2283 1060 2319 S
1099 2285 1136 2319 et
1162 2282 1255 2328 fort.
1290 2283 1337 2318 H.
1416 2282 1451 2318 2.
1495 2285 1534 2317 et
1573 2282 1719 2318 Cister-

72 2337 219 2374 siensis
269 2339 314 2375 H.
407 2339 441 2375 3.
482 2339 572 2385 ipsa
614 2341 666 2384 A,
711 2350 788 2376 om.
834 2340 925 2377 MH.
1025 2340 1288 2376 Cistersiensi
1338 2340 1391 2384 H,
1439 2339 1621 2375 Cistertii
1669 2340 1719 2375 M.

73 2395 108 2430 5.
152 2395 433 2442 germinantes
479 2407 556 2432 om.
604 2397 652 2433 H.
747 2397 990 2444 pastinauit:
1044 2397 1165 2433 Marc.
1201 2397 1317 2442 121.
1394 2397 1428 2432 6.
1476 2407 1718 2432 mensuram

71 2449 164 2500 (om.
205 2451 302 2500 que)
349 2454 394 2488 H.
485 2454 813 2500 superfluentem
861 2453 1155 2503 liberalitati(!)
1200 2465 1288 2490 suae
1321 2455 1368 2489 H.
1445 2454 1478 2490 8.
1520 2454 1570 2489 de
1609 2452 1722 2502 (post

73 2508 215 2558 quarn)
245 2521 323 2546 om.
356 2511 402 2546 H.
466 2511 615 2548 9—10.
649 2512 934 2558 Sanctumque
967 2512 1008 2548 B.
1043 2512 1091 2550 H.
1156 2512 1217 2548 10.
1251 2511 1640 2547 reuerentissimum
1675 2511 1720 2555 C,

73 2567 178 2611 quod
209 2578 291 2602 non
324 2566 437 2603 debet
466 2569 637 2614 mutari3
670 2570 948 2606 reuerendiss.
974 2570 1045 2605 ΑΗ
1078 2567 1131 2617 (et
1145 2566 1305 2616 Arnas).
1370 2569 1431 2605 11.
1467 2569 1596 2604 nimio
1622 2569 1720 2612 MH;

73 2624 196 2659 unico
242 2625 286 2660 A.
376 2627 438 2660 est
477 2625 562 2670 AH,
609 2626 678 2661 sed
724 2627 766 2662 1’11
807 2628 841 2662 H
882 2629 971 2662 erat
1010 2637 1110 2662 corr.
1150 2637 1202 2662 m.
1243 2626 1277 2669 1,
1328 2625 1446 2671 idque
1490 2626 1636 2671 recepit
1682 2625 1720 2661 S.

76 2680 136 2717 12.
168 2682 347 2717 eundem
381 2682 432 2726 M,
475 2693 617 2728 praue,
665 2685 703 2719 et
738 2683 847 2720 lianc
889 2694 1022 2719 vocem
1055 2683 1178 2719 deleri
1209 2682 1335 2718 voluit
1364 2681 1603 2728 Lanqebelc;
1650 2693 1720 2728 eqo

70 2738 205 2782 potius
236 2749 311 2785 per
342 2739 521 2775 eundem
552 2739 695 2776 scribd.
724 2744 824 2787 puto
855 2739 940 2789 (cfr.
967 2742 1017 2776 A:
1051 2751 1146 2776 cum
1181 2751 1218 2776 n.
1252 2750 1284 2776 c.
1317 2740 1567 2775 extruxisset
1599 2743 1637 2775 et
1668 2740 1719 2774 ab

74 2804 122 2830 eo
155 2795 436 2832 desideratum
470 2807 588 2832 sacre
620 2799 955 2845 congregationis
988 2808 1161 2833 examen
1191 2795 1487 2843 impetrasset);
1520 2797 1653 2832 eidem
1674 2798 1721 2832 H.

75 2853 323 2889 extruxisset
363 2853 409 2889 H.
487 2854 549 2889 13.
596 2854 722 2900 igitur
769 2856 863 2900 MA,
910 2864 1007 2901 ergo
1052 2855 1098 2891 H.
1181 2855 1240 2890 15.
1289 2854 1406 2889 fleuit
1446 2853 1492 2889 H.
1582 2865 1626 2890 se
1674 2854 1719 2889 H.

79 2908 139 2945 16.
179 2910 435 2956 suspiciebat
465 2910 498 2946 A
536 2908 588 2959 (et
616 2910 784 2961 Arnas);
831 2912 1087 2958 suscipiebat
1128 2911 1213 2947 CH.
1295 2911 1355 2946 17.
1396 2910 1567 2946 fratrem
1611 2911 1722 2946 exhi-

76 2964 165 3001 buit
211 2967 257 3002 H.
350 2968 410 3003 19.
458 2971 554 3013 post
599 2968 742 3015 elapso
789 2970 871 3005 hoc
916 2972 1105 3015 tempore
1154 2969 1200 3004 H.
1288 2968 1351 3003 20.
1399 2968 1498 3003 boni
1551 2968 1624 3003 viri
1674 2968 1719 3002 H.

77 3022 140 3058 22.
172 3023 337 3070 ipsique
368 3024 420 3069 A,
466 3025 644 3070 ipsoque
687 3027 777 3062 MH.
854 3026 1033 3062 22—23.
1066 3024 1183 3061 verba
1217 3024 1719 3070 exul..sepulcrumque.

78 3088 205 3114 unum
238 3090 395 3116 versum
430 3080 470 3116 in
504 3081 538 3116 H
570 3082 784 3128 explentia,
818 3094 896 3119 om.
929 3083 969 3119 S.
1034 3083 1095 3118 23.
1129 3081 1458 3128 sepulcrumque
1492 3081 1544 3125 H;
1584 3081 1720 3127 sepul-

77 3145 195 3171 erum
229 3137 315 3173 MA.
380 3138 442 3174 25.
478 3138 657 3175 Domino
690 3140 871 3176 donante
905 3140 950 3176 H.

1471 3204 1515 3235 4*

1748 681 1766 711 5

1750 1046 1790 1076 10

1751 1410 1791 1440 15
