2242 3551
306 1091 465 1127 F01.15¹”.

422 1168 463 1198 10

425 1533 465 1563 15

424 1895 467 1926 20

427 2260 469 2290 25

427 2622 470 2653 30

488 187 568 227 180
827 197 1104 226 SCRIPTORES
1138 198 1365 226 HlsrofflAE
1399 199 1575 227 DANICAE
1610 198 1810 227 M1NoREs

486 318 702 366 preterea,
737 317 784 352 ut
819 313 1057 366 memoratj
1093 312 1253 353 fratres
1286 313 1442 354 onmia
1477 314 1682 354 iumenta
1715 317 1870 353 nostra
1904 313 2145 365 indomita,

487 399 574 439 que
614 386 659 425 in
703 385 978 438 supradictis
1016 386 1186 439 predijs
1219 391 1484 439 pascuntur,
1534 400 1640 428 cum
1674 386 1832 426 ceteris
1866 386 2146 427 animalibus

487 460 737 499 earundem
774 459 1070 500 mansionum
1105 459 1203 500 sine
1235 459 1543 501 diminutione
1573 459 1867 513 percipiant«

1179 609 1278 655 Cap.
1313 609 1449 648 XXIV.

1023 689 1125 725 Item
1159 689 1274 725 aliud
1307 693 1616 726 testamentum.

554 759 915 837 »Heteritorum
949 795 1224 836 memoriam
1258 799 1454 848 occupat
1486 794 1738 836 obliuionis
1770 807 1923 848 erugo,
1958 808 2063 836 cum
2088 796 2149 848 id,

488 869 611 922 quod
659 868 831 909 factum
880 872 966 920 est,
1016 868 1242 908 euidentis
1288 868 1536 921 testimonij
1588 881 1681 909 non
1729 873 1919 922 apparet
1965 869 2148 918 inditio;

488 941 644 995 sicque
677 940 783 982 facti
815 940 1073 992 ignorantia
1108 940 1284 994 ueritatj
1315 953 1654 994 nonnunquam
1683 941 1990 994 preiudicium
2019 942 2150 995 parit,

488 1026 594 1054 cum
644 1014 689 1054 in
737 1017 1060 1066 argumentum
1110 1014 1256 1067 ipsius
1310 1014 1515 1068 aliquam
1572 1014 1891 1055 certitudinem
1940 1015 2147 1068 priorum

492 1085 775 1141 neglillgentia
815 1100 909 1127 non
948 1087 1177 1140 relinquit.
1242 1087 1384 1139 Igitur
1422 1088 1479 1127 ad
1520 1087 1764 1128 uitandum
1805 1088 1971 1129 erroris
2011 1088 2149 1129 huius

491 1161 797 1213 obstaculum,
832 1161 927 1212 Ego
961 1160 1125 1211 Sveno,
1156 1159 1229 1200 dei
1261 1160 1405 1212 gratia
1439 1160 1699 1201 Arusiensis
1733 1161 1922 1202 ecclesie
1958 1164 2151 1202 uocatus

491 1234 749 1287 episcopus,
794 1232 1051 1285 fragilitatis
1085 1245 1183 1273 mee
1216 1237 1258 1273 et
1290 1246 1563 1274 excessuum
1596 1246 1689 1274 non
1722 1234 1983 1286 immemor,
2026 1234 2149 1288 quod

491 1320 573 1361 pro
606 1306 878 1348 remissione
903 1309 1197 1359 peccatorum
1222 1319 1432 1347 meorum
1457 1307 1649 1347 ecclesia
1670 1311 1782 1348 teste
1804 1307 2151 1361 rectoribusque

492 1380 680 1421 ecclesie
712 1379 1002 1433 presentibus
1034 1378 1221 1433 quidem
1256 1383 1298 1419 et
1324 1379 1718 1420 consentientibus
1744 1380 1844 1433 feci,
1877 1393 1970 1434 quo
1997 1380 2151 1421 minus

492 1467 517 1494 a
570 1453 795 1494 memoria
853 1452 1100 1504 excideret,
1162 1453 1361 1505 presenti
1415 1454 1587 1494 cartule
1644 1452 1918 1506 inscriptum
1972 1453 2149 1507 reliqui.

494 1526 684 1567 Nouerit
714 1526 868 1580 itaque
901 1525 1182 1579 presentium
1222 1529 1605 1580 posterorumque
1650 1526 1849 1577 deuotio,
1897 1527 2021 1580 quod
2055 1537 2151 1578 ego,

493 1612 599 1640 cum
632 1600 677 1639 in
712 1598 845 1639 bonis
880 1598 1067 1639 ecclesie
1101 1598 1465 1651 multiplicandis
1498 1599 1686 1639 sedulus
1720 1599 1828 1639 satis
1862 1603 1904 1639 et
1929 1599 2151 1640 sollicitus

493 1673 791 1721 laborassem,
839 1672 1042 1726 aliquam
1084 1672 1243 1712 saltem
1285 1672 1550 1724 prediorum
1586 1672 1857 1725 partjculam
1892 1684 2149 1725 pauperum

494 1745 675 1796 Christi,
708 1744 953 1797 grisiorum
987 1744 1201 1784 uidelicet
1232 1745 1570 1785 monachorum
1597 1746 1652 1785 de
1672 1744 1956 1796 Carainsula,
1990 1744 2151 1785 usibus

493 1818 726 1870 assignare
766 1817 1028 1858 consultum
1070 1817 1193 1857 duxi.
1258 1817 1478 1858 Predictis
1525 1817 1662 1870 igitur
1700 1817 1917 1858 fratribus
1966 1821 2007 1858 et
2049 1817 2150 1858 loco

497 1891 704 1932 uillulam
738 1891 974 1944 quandam
1007 1889 1195 1930 nomine
1231 1890 1438 1938 Karlebv,
1473 1903 1612 1944 quam
1647 1890 1705 1930 ab
1739 1890 1803 1930 eis
1834 1894 1968 1931 antea
2001 1902 2150 1931 neces-

495 1964 623 2004 sitate
656 1965 857 2017 quadam
892 1962 1145 2015 compulsis
1188 1962 1381 2014 obtinui,
1429 1963 1593 2003 iterum
1637 1963 1916 2014 assignando
1958 1962 2149 2003 reddidi.

496 2037 657 2077 Predia
692 2037 827 2077 etiam
862 2035 1202 2090 qualiacunque
1235 2036 1281 2075 in
1321 2035 1495 2076 uillulis
1534 2036 1645 2087 istis,
1695 2035 1867 2076 scilicet
1898 2036 2150 2088 Attethorp,

496 2109 744 2162 ssgethorp,
787 2110 1024 2161 Rozmose,
1070 2108 1259 2160 Eninge,
1304 2109 1574 2160 Hagethuet,
1617 2108 1855 2161 Hildestat,
1897 2121 1985 2163 que
2018 2108 2151 2162 patri-

496 2182 637 2235 monij
672 2182 770 2222 iure
802 2186 880 2222 aut
912 2181 1157 2235 emptionis
1182 2182 1314 2222 titulo
1340 2181 1533 2235 optinuj,
1566 2194 1840 2235 quecunque
1864 2181 1910 2221 in
1936 2181 2150 2234 predictis

496 2255 669 2295 uillulis
708 2259 802 2295 tam
844 2255 889 2295 in
930 2255 1059 2295 siluis
1099 2267 1239 2308 quam
1279 2254 1326 2294 in
1365 2254 1486 2306 agris
1518 2267 1543 2295 a
1576 2267 1649 2295 me
1680 2254 1727 2294 in
1769 2254 1896 2295 obitu
1939 2266 2149 2307 possessa

496 2328 812 2379 inueniuntur,
852 2327 1009 2368 omnia
1043 2327 1228 2380 quidem
1264 2340 1457 2367 numero
1491 2328 1648 2379 multa,
1693 2328 1770 2368 sed
1803 2327 1956 2380 precio
1989 2338 2149 2380 pauca,

497 2401 603 2454 quia
638 2404 744 2440 sunt
776 2400 1007 2440 maritima
1041 2403 1082 2440 et
1115 2410 1400 2452 paganorum
1436 2400 1699 2440 incursibus
1727 2399 1946 2453 exposita,
1979 2411 2149 2439 memo-

498 2473 606 2513 ratis
638 2473 854 2513 fratribus
888 2477 930 2513 et
961 2473 1062 2512 loco
1102 2472 1348 2523 assignaui.
1413 2473 1622 2513 Preterea
1663 2472 1916 2513 eorundem
1956 2471 2148 2512 fratrum

498 2546 657 2586 usibus
689 2546 895 2586 iumenta
926 2544 1167 2596 indomita,
1200 2557 1474 2598 quecunque
1507 2545 1649 2585 michi
1681 2545 1870 2585 attinere
1895 2547 2150 2585 noscuntur

498 2618 543 2658 in
578 2618 755 2659 Sundre
796 2618 968 2668 hereth,
1016 2617 1294 2669 assignando
1340 2617 1521 2658 tradidi.
1588 2618 1680 2670 Ego
1721 2617 1965 2670 episcopus
1999 2617 2149 2657 Sueno

498 2692 587 2732 hoc
618 2694 943 2731 testamentum
982 2689 1067 2730 feci
1109 2702 1232 2729 anno
1273 2689 1330 2729 ab
1362 2689 1680 2731 incarnatione
1712 2689 1891 2730 domini
1925 2676 2149 2729 xi'rfz'zlxssxs‘n.

499 2764 590 2803 VIto
618 2764 684 2803 ΚῘ.
719 2762 1013 2816 Septembris,
1061 2761 1349 2814 presentibus
1393 2763 1520 2814 regni
1561 2762 1849 2815 principibus
1888 2765 1931 2801 et
1961 2759 2148 2801 ecclesie

500 2836 696 2888 prelatis,
743 2835 842 2875 istis
874 2834 1105 2875 uidelicet:
1156 2835 1337 2874 Kanuto
1370 2835 1742 2875 reuerentissimo
1774 2845 1877 2886 rege
1910 2834 2147 2874 Danorum

500 2912 542 2948 et
583 2908 717 2948 fratre
757 2908 853 2948 eius
885 2907 1181 2947 Waldemaro
1220 2907 1348 2958 duce,
1395 2920 1575 2947 necnon
1608 2907 1852 2958 Absalone,
1899 2904 2148 2947 venerabili

590 3006 651 3041 17.
668 3002 1229 3051 s·pa1·tj‹:ula1nstprediorum
1248 3004 1293 3041 C.
1356 3006 1532 3041 25--26.
1547 3002 1848 3041 l'inueniuntur
1862 3000 2082 3051 s·possessa
2100 3002 2146 3039 C.

503 3075 566 3110 31.
601 3062 792 3113 s‘i.g.lx⁰x.1‘1³1
826 3074 859 3110 C
890 3072 1040 3121 (errore
1069 3084 1145 3118 pro
1177 3062 1283 3116 lxssix).
