2242 3551
473 989 513 1018 Ἡ)

478 1351 517 1380 Ἠ)

480 1715 522 1744 20

530 204 614 243 438
881 210 1156 240 SCRIPTORES
1189 209 1416 238 fflsTomAE
1450 208 1625 236 DANmAE
1660 208 1859 236 MlNOREs

533 329 629 369 tiua
689 328 908 367 virtutum
959 325 1092 376 longe
1140 323 1401 376 superabat.
1495 321 1580 361 Hic
1633 321 1806 374 itaque,
1865 320 2071 372 germani
2124 321 2194 361 sui

533 401 741 441 animam
767 399 942 438 sincere
965 397 1011 436 in
1032 396 1214 437 Christo
1247 394 1455 446 diligens,
1489 394 1567 433 sed
1600 392 1889 447 tyrannicam
1924 392 2021 433 eius
2055 392 2194 432 vitam

536 474 828 513 vehementer
888 470 1166 520 abhorrens,
1229 467 1441 508 studebat
1502 479 1607 508 eum
1656 465 1914 519 frequenter
1970 464 2196 506 secrecius

536 557 724 597 arguere
758 547 812 593 et,
846 547 893 583 ut
927 555 951 582 a
986 541 1080 582 suis
1114 539 1422 594 prauitatibus
1447 539 1747 592 resipisceret,
1780 550 2060 578 ammonere.
2111 537 2196 578 Sed

537 631 641 658 cum
683 629 846 669 parum
890 616 936 655 in
978 612 1249 655 huiusmodi
1292 612 1365 665 pia
1404 611 1659 652 intentione
1691 610 1946 663 proficeret,
1994 610 2196 664 quadam

537 690 630 741 die,
685 687 1056 742 colloquentibus
1103 685 1168 726 eis
1214 684 1499 735 adinuicem‚
1558 683 1783 723 suadebat
1835 681 1876 723 ei
1924 681 2199 723 venerabilis

538 763 711 816 presul,
761 765 809 801 ut
856 759 1087 813 accipiens
1137 759 1320 810 signum
1368 756 1600 797 dominice
1647 755 1797 796 crucis
1846 755 2197 796 lherosolimam

540 834 917 889 proficisceretur.
980 832 1059 872 Ille
1092 844 1199 872 vero
1233 828 1483 883 respondit,
1517 841 1564 869 se
1596 829 1686 868 hoc
1719 828 1845 868 nullo
1879 828 2019 868 modo
2052 827 2199 867 facere

540 921 688 962 posse,
735 906 824 947 nisi
865 917 1022 946 secum
1064 907 1269 958 pergeret
1306 902 1418 955 ipse,
1465 901 1545 955 qui
1586 900 1832 941 consilium
1881 900 2032 941 dabat.
2096 900 2200 951 Quo

539 980 712 1030 audito,
755 978 904 1019 fidelis
936 982 978 1018 et
1012 990 1146 1019 verus
1178 976 1358 1016 amicus
1390 977 1619 1027 gratanter
1651 973 1839 1026 accepit,
1882 986 2034 1026 seque,
2075 972 2199 1027 quod

541 1053 741 1106 petebat,
799 1052 1027 1092 facturum
1076 1050 1121 1090 in
1168 1047 1420 1089 continenti
1468 1046 1738 1100 spopondit,
1794 1046 1988 1086 mallens
2045 1045 2202 1098 utique

542 1124 755 1179 periculis
797 1137 851 1164 ac
892 1122 1131 1164 laboribus
1170 1120 1308 1162 tantis
1350 1133 1395 1160 se
1427 1119 1581 1172 ipsum
1617 1131 1843 1171 exponere
1876 1131 2015 1171 quam
2050 1117 2203 1158 fratris

542 1198 746 1238 animam
781 1197 837 1237 de
869 1209 946 1237 ore
978 1195 1125 1236 leonis
1158 1207 1253 1235 non
1286 1193 1493 1234 liberare.

629 1270 701 1310 VI.
766 1268 972 1322 Inposito
1004 1268 1159 1321 itaque
1192 1266 1279 1306 sibi
1312 1265 1442 1317 signo
1477 1269 1632 1305 sancte
1666 1264 1814 1304 crucis
1848 1263 2201 1304 lherosolimam

544 1344 713 1397 pariter
738 1342 962 1382 abierunt.
1012 1341 1116 1391 Quo
1142 1352 1359 1392 prospere
1387 1337 1707 1391 peruenientes
1739 1336 1991 1388 gloriosum
2026 1335 2204 1376 domini

545 1416 843 1469 sepulchrum
876 1414 1123 1467 ipsumque
1156 1411 1397 1453 viuificum
1429 1410 1606 1462 lignum
1640 1414 1795 1450 sancte
1828 1409 1991 1461 crucis,
2033 1409 2080 1449 in
2113 1422 2204 1463 qua

547 1489 670 1529 salus
699 1487 860 1527 mundi
887 1485 1117 1540 pependit,
1151 1497 1257 1525 cum
1284 1494 1452 1535 magno
1480 1482 1661 1536 pietatis
1684 1482 1851 1522 affectu
1877 1483 2206 1522 adorauerunt.

548 1561 726 1601 Dehinc
749 1573 854 1600 cum
879 1562 1025 1599 cetera
1049 1561 1206 1598 sancta
1229 1557 1329 1597 loca
1352 1555 1651 1597 deuotissime
1676 1555 1918 1606 visitando,
1942 1555 2204 1595 venerando

547 1637 683 1686 atque
715 1632 954 1672 adorando
987 1618 1306 1684 peragrarent,
1327 1632 1552 1670 venerunt
1584 1628 1641 1668 ad
1671 1628 1905 1682 quendam
1931 1628 2085 1667 locum
2113 1640 2207 1667 non

551 1706 680 1758 longe
712 1705 770 1746 ab
803 1703 1106 1745 lherosolima
1139 1703 1293 1753 situm,
1330 1701 1409 1755 qui
1443 1701 1575 1742 Pater
1608 1701 1772 1741 Noster
1804 1700 1862 1740 ab
1894 1699 2058 1740 incolis
2091 1712 2206 1740 nun-

550 1782 758 1832 cupatur,
791 1790 843 1818 eo
877 1777 1000 1831 quod
1034 1776 1252 1816 dominus
1286 1778 1439 1815 noster
1469 1774 1630 1814 ihesus
1650 1773 1858 1814 Christus
1891 1772 1939 1812 in
1971 1772 2073 1825 ipso
2106 1772 2208 1813 loco

550 1851 716 1892 dicitur
754 1848 995 1902 discipulis
1027 1848 1226 1889 formam
1260 1847 1421 1887 orandi
1455 1845 1699 1886 tradidisse
1732 1850 1772 1885 et
1805 1845 1998 1886 eandem
2032 1845 2205 1885 ibidem

551 1923 814 1964 oracionem
857 1921 1186 1975 composuisse.
1252 1920 1360 1960 Erat
1400 1923 1554 1959 autem
1595 1918 1655 1958 ibi
1699 1917 1889 1958 ecclesia
1923 1930 2081 1970 parua,
2129 1917 2207 1958 vili

553 1997 784 2037 schemate
808 1998 1083 2035 constructa.
1134 1993 1249 2034 Cum
1274 2003 1379 2044 ergo
1403 1991 1593 2045 predicti
1617 1990 1843 2044 peregrini
1866 1993 2208 2041 cognoscerent,

552 2070 676 2109 hunc
709 2081 807 2108 esse
840 2068 1008 2112 locum,
1057 2067 1175 2106 vnde
1209 2066 1311 2106 fons
1345 2064 1589 2115 oracionis,
1638 2063 1805 2103 saliens
1845 2062 1892 2102 in
1925 2062 2067 2102 vitam
2101 2066 2208 2103 eter-

555 2155 676 2192 nam,
709 2141 764 2181 de
798 2153 874 2180 ore
907 2139 985 2192 filij
1021 2138 1093 2179 dei
1126 2138 1340 2191 primitus
1373 2137 1523 2190 erupit
1545 2139 1586 2176 et
1608 2136 1665 2176 ad
1688 2135 1976 2175 inbuendum
1999 2135 2206 2175 fidelium

554 2214 690 2254 corda
740 2225 817 2266 per
864 2212 1105 2253 vniuersas
1152 2211 1315 2251 mundi
1363 2213 1512 2264 partes
1559 2221 1665 2249 cum
1711 2211 1836 2248 tanta
1875 2207 2207 2248 benedictionis

556 2285 791 2326 affluentia
830 2284 1055 2324 diriuatus
1096 2289 1174 2334 est,
1221 2287 1332 2324 tunc
1371 2286 1413 2324 et
1458 2281 1560 2334 ipsi,
1607 2280 1913 2332 ingredientes
1955 2280 2205 2321 oratorium

556 2358 911 2410 haurientesque
953 2357 1007 2396 de
1046 2356 1170 2397 fonte
1210 2355 1455 2396 saluatoris
1488 2353 1665 2407 pietatis
1699 2357 1741 2393 et
1772 2352 2049 2393 confidentie
2082 2352 2209 2405 spiri-

646 2561 681 2594 2.
722 2569 897 2605 syncere
931 2558 976 2594 C.
1068 2558 1196 2594 cristo
1229 2558 1273 2593 Α.
1350 2558 1383 2592 4.
1423 2559 1463 2591 et
1494 2567 1513 2591 a
1549 2556 1636 2591 suis
1670 2565 1729 2601 pr.
1764 2557 1807 2589 ut
1839 2565 1869 2589 r.
1902 2553 2132 2588 admonere
2163 2552 2208 2589 C.

562 2619 595 2653 7.
631 2616 948 2652 iherosolimam
982 2615 1073 2660 AB,
1104 2614 1409 2660 lerosolymam
1445 2614 1494 2658 E,
1539 2611 1878 2657 Hierosolymam
1913 2610 1965 2655 C;
2004 2610 2096 2646 item
2126 2609 2210 2656 fere

561 2675 601 2709 in
634 2684 715 2720 sqq.
796 2674 854 2708 11.
889 2672 1143 2718 spospondit
1175 2673 1217 2707 Α.
1308 2670 1485 2706 mallens
1519 2670 1569 2715 Α;
1612 2668 1771 2705 malens
1806 2667 1886 2704 EC.
1980 2667 2124 2713 utique
2156 2666 2208 2711 C,

562 2732 702 2777 itaque
719 2731 771 2773 Α;
803 2741 881 2766 om.
904 2730 943 2765 E.
1010 2729 1070 2765 13.
1096 2729 1147 2765 de
1173 2739 1246 2764 ore
1270 2728 1423 2764 leonis:
1461 2725 1693 2769 Timoth.JI‚
1713 2724 1823 2771 [317.
1891 2725 2065 2760 14—15.
2089 2724 2210 2770 Inpo-

562 2787 909 2824 sito..abierunt
940 2797 1019 2822 om.
1056 2787 1097 2822 E.
1178 2786 1239 2821 19.
1273 2785 1498 2831 quemdam
1532 2785 1586 2829 Α;
1635 2783 1687 2818 ad
1727 2783 1866 2818 locum
1905 2781 2131 2828 quemdam
2164 2779 2208 2816 C.

564 2846 627 2881 20.
669 2847 939 2890 nuncupatur
971 2841 1127 2891 A(B)E;
1175 2843 1419 2878 nominatur
1450 2841 1496 2878 C.
1576 2841 1639 2876 21.
1685 2843 1828 2875 noster
1868 2840 2015 2875 Ihesus
2046 2849 2124 2875 om.
2159 2838 2210 2881 Ᾱ;

564 2904 707 2937 noster
738 2912 816 2937 om.
846 2901 887 2937 E.
952 2901 1016 2936 22.
1048 2900 1198 2936 orandi
1224 2899 1402 2935 formam
1428 2898 1474 2935 C.
1539 2897 1718 2934 22-—23.
1752 2896 1941 2933 eamdem
1974 2896 2209 2931 orationem

563 2959 717 2994 ibidem
759 2970 790 2994 c.
832 2957 876 2994 C.
953 2958 1015 2993 23,
1063 2957 1239 2993 ecclesia
1280 2956 1372 3004 Ac,
1418 2954 1638 2991 ecclesiola
1686 2954 1764 2989 BE.
1841 2954 1905 2989 24.
1945 2955 2126 2988 scemate
2167 2952 2209 2986 Α.

567 3016 630 3051 25.
679 3014 833 3050 saliens
879 3015 920 3050 in
969 3026 1002 3050 v.
1050 3025 1098 3050 e.:
1146 3024 1293 3060 euany.
1342 3013 1484 3049 Ioann.
1527 3012 1561 3056 4,
1591 3011 1650 3047 14.
1739 3011 1802 3047 26.
1850 3009 2110 3045 inbuendum
2159 3009 2210 3051 Α;

566 3071 790 3107 imbuenda
827 3070 906 3106 EC.
969 3071 1032 3106 28.
1065 3071 1281 3107 deriuatus
1317 3069 1394 3106 EC.
1485 3073 1585 3105 tunc
1618 3068 1702 3113 AE,
1734 3071 1821 3103 tum
1856 3067 1902 3103 C.
