2242 3551
207 1140 279 1172 1³01.
297 1137 345 1172 Ἰν.
375 1142 414 1172 10

374 1508 413 1537 15

370 1872 413 1902 20

370 2236 412 2267 25

369 2597 411 2628 30

446 176 525 215 168
786 188 1062 218 SCRIPTORES
1097 188 1324 218 H1srofflAE
1357 188 1534 217 DANICAE
1568 188 1768 218 MlNOREs

442 301 547 342 fecit
578 315 685 343 culn
718 303 936 356 episcopo
970 303 1197 355 Suenone,
1244 303 1291 344 in
1333 317 1424 357 quo
1466 303 1711 357 episcopus
1751 303 1927 356 accepit
1959 304 2101 344 Thor-

442 374 737 429 stenisthorp,
786 379 827 415 et
867 389 944 416 rex
983 376 1182 429 optinuit
1214 377 1503 425 Saheb1·och;
1551 380 1592 416 et
1630 376 1755 416 dedit
1787 376 1899 417 illud
1935 376 2101 416 Emero

443 448 683 500 capellano
717 460 801 489 suo
834 462 917 502 pro
951 449 1153 502 seruitio,
1186 463 1276 503 quo
1310 449 1427 503 patri
1460 462 1545 490 suo
1578 453 1620 490 et
1652 448 1739 489 sibi
1773 449 2015 497 seruieratg
2061 453 2101 489 et

444 520 638 561 Emerus
672 533 725 561 .V.
760 522 893 562 annis
926 527 1175 577 antequam
1209 526 1463 563 moreretur
1505 522 1629 563 dedit
1668 521 1904 562 meliorem
1946 522 2100 562 bolam

443 592 573 633 beate
601 594 741 634 Mal-ie
775 598 817 634 et
848 595 1066 636 fratribus
1099 597 1154 636 de
1180 595 1451 637 Carainsula
1485 608 1567 648 pro
1601 595 1916 648 redemptione
1948 594 2102 635 anime

442 678 522 705 sue
563 670 604 706 et
643 667 833 707 alteram
876 681 957 719 pro
997 669 1192 722 pecunia
1233 669 1480 709 heredibus
1513 668 1607 708 suis
1641 671 1743 720 post
1777 672 1971 708 mortem
2005 667 2101 708 eius

443 738 679 791 soluenda,
725 741 911 781 tradens
951 741 1107 782 abbati
1147 741 1456 795 priuilegium,
1504 743 1628 795 quod
1671 740 1758 781 sibi
1791 754 1869 782 rex
1901 741 2102 791 dederat,

442 811 564 852 hanc
595 812 772 853 habens
804 813 1156 855 continentiam:

1172 952 1269 999 Cap.
1302 951 1367 988 XI.

890 1031 1161 1078 Priuilegium
1197 1032 1303 1079 regis
1337 1032 1388 1068 de
1421 1033 1654 1069 Sahebroh.

526 1120 537 1177 il
565 1099 631 1176 In
665 1136 853 1176 nomine
886 1140 1041 1177 sancte
1074 1141 1116 1177 et
1147 1137 1388 1178 indiuidue
1420 1137 1635 1178 trinitatis
1663 1149 1745 1190 ego
1773 1138 1996 1190 Kanutus,
2029 1137 2102 1177 dei

442 1207 584 1259 gratia
634 1209 874 1249 Danorum
920 1210 1287 1265 Sclauorumque
1334 1224 1425 1262 rex,
1475 1210 1763 1252 uniuersitati
1802 1210 2011 1251 fidelium
2054 1210 2099 1250 in

442 1285 729 1334 perpetuum.
780 1282 1007 1336 Equitatis
1030 1287 1071 1323 et
1093 1283 1271 1324 iusticie
1293 1284 1409 1324 ratio
1435 1284 1680 1337 persuadet
1711 1297 1795 1324 nos
1828 1287 2099 1324 cunctorum

442 1354 833 1407 oportunitatibus
855 1356 910 1396 de
933 1360 1089 1396 nostra
1112 1356 1382 1397 liberalitate
1405 1357 1521 1397 bene
1545 1356 1844 1410 sperantium,
1874 1360 2098 1411 quantum

442 1426 488 1466 in
523 1427 657 1467 nobis
690 1432 768 1476 est,
809 1432 1017 1481 optatum
1051 1429 1257 1470 conferre
1290 1430 1564 1470 subsidium.
1627 1430 1799 1470 Verum
1831 1443 1910 1484 pre
1942 1429 2100 1470 ceteris

443 1500 756 1541 munificentie
789 1514 978 1542 manum
1014 1504 1077 1542 eis
1111 1503 1341 1556 porrigere
1366 1506 1589 1555 tenemur,
1622 1502 1701 1556 qui
1733 1502 1899 1543 diutini
1930 1502 2099 1543 laboris

441 1572 606 1622 studio,
650 1577 805 1614 nostro
841 1574 1032 1615 fideliter
1063 1575 1325 1616 inherentes
1358 1576 1596 1629 obsequio,
1636 1576 1693 1616 ad
1734 1576 1853 1616 iusta
1885 1588 2098 1629 compen-

441 1645 584 1685 sanda
618 1647 789 1698 premia
825 1647 1034 1699 gratuitis
1066 1648 1336 1689 meritorum
1366 1648 1647 1702 commertijs
1675 1653 1880 1689 nostram
1907 1661 2100 1702 propen-

440 1717 535 1757 sius
567 1718 878 1759 incitauerunt
911 1720 1251 1772 benignitatem.
1306 1722 1528 1763 Indecens
1561 1722 1684 1762 enim
1718 1726 1759 1762 et
1791 1722 2098 1774 incongruum

439 1795 691 1843 reputatur,
733 1796 781 1832 ut
813 1792 964 1833 fructu
998 1794 1068 1833 sui
1102 1794 1273 1835 laboris
1306 1795 1544 1835 fraudetur
1576 1795 1845 1846 industrius,
1889 1807 1994 1835 cum
2029 1808 2098 1835 ex-

441 1863 656 1916 probrata
698 1866 943 1906 credantur
984 1866 1183 1918 seruitia,
1230 1867 1267 1907 si
1308 1867 1640 1908 irremunerata
1682 1867 1980 1920 negligantur.
2044 1868 2100 1907 Et

440 1936 545 1976 inde
579 1941 657 1987 est,
704 1938 828 1992 quod
871 1943 964 1979 tam
999 1940 1191 1992 posteris
1224 1954 1363 1994 quam
1398 1941 1634 1981 modernis
1667 1941 1903 1982 notificare
1935 1941 2098 1994 pagine

440 2010 662 2061 presentis
695 2011 964 2051 auctoritate
997 2013 1303 2062 decreuimus,
1350 2027 1435 2054 nos
1469 2014 1637 2054 Emero
1670 2014 1908 2067 capellano
1942 2018 2098 2054 nostro

439 2083 556 2122 duos
590 2096 792 2135 mansos,
837 2098 953 2137 quos
993 2098 1017 2125 a
1054 2086 1266 2127 Suenone
1298 2087 1599 2138 A1·usiense(1>
1631 2087 1847 2140 episcopo
1886 2086 1932 2126 in
1972 2086 2096 2138 uilla,

439 2168 527 2208 que
560 2156 827 2197 Sahebroch
859 2158 1130 2211 appellatur,
1163 2160 1513 2214 acquisiuimus,
1546 2161 1592 2201 in
1626 2160 1853 2214 premium
1880 2159 1950 2200 sui
1976 2159 2095 2199 inde-

440 2227 545 2268 fessi
592 2229 856 2281 famulatus,
904 2244 1041 2284 quem
1084 2235 1178 2272 tam
1220 2232 1361 2273 michi
1394 2246 1532 2286 quam
1567 2233 1709 2274 felicis
1750 2232 1971 2273 memorie
2006 2232 2096 2284 regi

441 2301 751 2352 &ValdemarQ
792 2303 909 2355 patri
942 2317 1059 2355 meo,
1103 2305 1237 2345 annis
1271 2305 1483 2358 plurimis
1514 2306 1797 2359 impendisse
1829 2305 2096 2357 dinoscitur,

439 2373 640 2424 legaliter
678 2375 901 2416 scotando
941 2377 1203 2418 contulisse.
1268 2377 1396 2427 Quos
1435 2381 1477 2418 et
1518 2392 1597 2419 sue
1644 2378 1936 2432 dispositioni
1973 2382 2096 2419 tante

440 2446 698 2486 stabilitatis
739 2448 1010 2489 certitudine
1052 2449 1330 2502 addiximus,
1377 2455 1426 2491 ut
1472 2451 1605 2492 liceat
1652 2452 1738 2493 sibi
1778 2465 1857 2492 eos
1898 2452 2095 2492 uendere

440 2531 519 2558 seu
560 2519 645 2559 sub
686 2524 973 2571 testamento,
1024 2522 1097 2562 cui
1137 2523 1347 2574 uoluerit,
1394 2523 1651 2578 relinquere
1698 2525 1771 2565 uel
1818 2536 2096 2578 quacunque

440 2591 700 2632 rationabili
740 2593 1016 2634 alienatione
1056 2595 1102 2634 in
1142 2595 1403 2636 dominium
1444 2596 1689 2637 cuiuslibet
1729 2610 1922 2650 persone
1954 2602 2097 2637 trans-

438 2663 565 2703 ferre.
630 2664 841 2705 Ceterum
885 2679 989 2707 cum
1032 2680 1177 2720 prona
1225 2668 1315 2708 sint
1360 2669 1418 2708 ad
1464 2668 1649 2709 fraudes
1696 2670 1918 2722 presentis
1965 2670 2093 2710 etatis

410 2736 603 2787 astudia,
651 2737 766 2777 adeo
801 2742 848 2778 ut
881 2738 927 2778 in
961 2740 1115 2779 uerbis
1147 2741 1274 2790 fides,
1321 2741 1367 2780 in
1408 2741 1552 2794 pactis
1586 2741 1809 2782 stabilitas
1842 2742 1919 2781 uix
1952 2742 2095 2794 possit

370 2960 412 2990 35

439 2808 650 2857 inueniri,
682 2823 774 2850 non
801 2811 952 2852 minor
978 2812 1022 2851 in
1048 2813 1381 2853 conseruandis
1405 2827 1545 2868 quam
1569 2814 1615 2854 in
1643 2814 1933 2855 inueniendis
1956 2816 2092 2855 rebus

439 2884 505 2920 est
536 2881 798 2923 adhibenda
832 2885 1020 2925 cautela.
1084 2885 1326 2936 Quocirca,
1374 2890 1423 2925 ut
1466 2886 1604 2927 huius
1637 2890 1790 2927 nostre
1829 2887 2092 2928 donationis

439 2954 670 2994 accuratio
704 2959 800 2995 rata
832 2969 885 2996 ac
918 2957 1013 2997 iure
1046 2962 1265 3011 perpetuo
1298 2958 1574 2999 inconcussa
1608 2963 1827 3011 teneatur,
1867 2960 2090 3014 priuilegij

440 3026 583 3066 nostri
625 3027 931 3070 declaratione
978 3043 1078 3070 eam
1127 3030 1343 3071 attentius
1389 3031 1677 3071 consolidare
1724 3033 2093 3084 procurauimus,

525 3138 588 3175 25.
618 3122 655 3176 nin
683 3136 729 3181 C,
763 3139 806 3173 ut
833 3138 941 3175 solet.
