2242 3551
429 601 447 631 0⁵1

224 2062 298 2094 Fol.
313 2058 383 2093 30¹⁶.
409 2062 452 2092 25

409 2426 452 2456 30

474 182 557 222 210
819 190 1094 221 sempronsss
1128 190 1356 219 HISTORIAE
1388 190 1565 219 DANICAE
1598 191 1798 220 MINORES

477 306 715 358 nuncium,
762 309 824 356 ut,
872 318 960 358 que
992 305 1126 346 uobis
1159 305 1415 345 necessaria
1450 309 1569 357 sunt,
1609 318 1852 359 preparare
1884 306 2131 359 possimus,

475 383 524 420 ut
555 392 635 432 per
667 378 756 418 hoc
788 381 989 419 uestram
1022 377 1394 419 beniuolenciam
1428 378 1666 418 dinoscere
1699 377 1991 431 poterimus«

560 450 664 503 (IV.)
726 450 782 490 Et
819 450 885 491 sic
923 454 1215 504 expectatum
1253 455 1319 492 est
1360 450 1451 491 fere
1494 463 1639 504 usque
1671 450 1728 490 ad
1761 450 2130 503 purificationem

475 524 605 564 beate
638 524 792 564 Marie.
852 523 1055 575 Interim,
1088 523 1353 578 quicunque
1386 523 1521 564 nobis
1552 522 1770 563 iniuriam
1806 522 1922 575 fecit,
1956 523 2131 564 nullam

474 596 628 650 adepti
660 608 821 636 sumus
853 595 1085 636 iusticiam
1118 596 1174 637 de
1204 596 1319 649 ipso.
1384 597 1599 647 Quodam
1640 595 1832 636 sabbato
1875 599 1980 636 ante
2013 596 2133 649 puri-

474 669 735 710 ficationem
771 668 897 708 uenit
929 668 1120 721 quidam
1154 669 1405 710 canonicus
1439 682 1563 721 suus,
1606 668 1794 708 nomine
1828 668 1989 709 Petrus
2021 669 2133 722 Aby,

475 746 516 782 et
563 741 694 782 dixit:
762 741 1005 782 »Proxima
1053 742 1261 795 sequenti
1309 742 1510 782 secunda
1559 741 1667 781 feria
1717 740 1869 781 ueniet
1915 741 2134 782 dominus

475 827 606 855 meus
653 814 921 868 episcopus,
968 814 1160 867 cupiens
1207 814 1342 855 uobis
1389 814 1537 868 loqui,
1585 818 1731 866 rogat,
1780 818 1828 854 ut
1875 826 1960 854 uos
2007 815 2133 855 domi

474 887 719 928 inueniat«
786 887 922 938 Quod
957 891 998 928 et
1029 886 1203 927 factum
1236 891 1314 928 est.
1379 887 1535 940 Ipsum
1579 899 1689 927 uero
1729 886 1987 940 recepimus
2027 899 2132 927 cum

407 966 421 995 1
475 959 783 1013 processione,
817 959 933 999 sicut
966 972 1067 1000 mos
1100 964 1165 1000 est
1198 959 1394 1009 ordinis3
1427 959 1472 999 in
1508 970 1674 1011 magno
1707 960 1882 1000 honore
1915 959 2133 1000 duximus

475 1033 521 1073 in
562 1032 803 1073 ecclesiam
844 1032 902 1072 ad
940 1032 1209 1073 orationem.
1273 1033 1411 1073 Facta
1455 1032 1663 1073 oratione
1701 1031 1891 1072 accessit
1930 1033 1986 1072 ad
2028 1045 2133 1073 eum

475 1106 618 1147 abbas
667 1109 707 1146 et
753 1105 1064 1156 interrogauit,
1112 1105 1300 1159 quando
1349 1105 1484 1146 uellet
1532 1108 1713 1158 stupam
1762 1105 1943 1145 intrare.
2016 1105 2133 1145 Nam

476 1178 616 1231 frigus
660 1183 767 1219 erat.
829 1178 885 1218 At
924 1178 998 1218 ille
1037 1178 1273 1231 respondit
1319 1178 1441 1218 nolle
1481 1191 1527 1218 se
1575 1177 1743 1218 intrare
1785 1178 1939 1218 adhuc
1978 1189 2131 1231 prope.

475 1252 630 1292 Abbas
662 1263 773 1291 uero
806 1251 1007 1302 intrauit,
1040 1254 1089 1291 ut
1122 1250 1310 1303 uideret,
1343 1250 1380 1291 si
1413 1251 1570 1291 omnia
1604 1254 1761 1303 parata
1792 1254 1961 1300 essent3
1995 1262 2131 1304 quem

476 1324 628 1365 statim
676 1324 723 1363 in
770 1323 1023 1364 continenti
1072 1327 1254 1364 secutus
1295 1327 1360 1364 est
1401 1322 1657 1376 episcopus.
1722 1323 1823 1363 Nox
1870 1335 1980 1363 uero
2028 1327 2132 1364 erat.

476 1397 567 1448 Qui
609 1409 714 1437 cum
756 1397 945 1437 intraret
985 1400 1183 1450 stupam,
1231 1400 1272 1436 et
1311 1409 1403 1436 non
1445 1395 1631 1436 fuerunt
1662 1408 1855 1436 accensa
1888 1395 2134 1436 luminaria

475 1474 623 1524 preter
655 1469 860 1522 adipum,
908 1469 1176 1521 indignatus
1209 1473 1274 1509 est
1307 1469 1442 1509 ualde
1454 1484 1463 1519 3
1511 1469 1636 1523 quod
1676 1472 1718 1509 et
1749 1472 1907 1522 postea
1940 1480 2134 1522 conque-

476 1547 572 1583 stus
619 1547 685 1583 est
732 1554 889 1582 coram
936 1553 1052 1594 rege.
1134 1542 1236 1594 Ipse
1283 1542 1440 1594 utique
1487 1541 1706 1594 querebat
1752 1542 2003 1582 aduersum
2050 1554 2134 1582 nos

475 1615 781 1657 occasionem.
846 1615 897 1654 In
930 1614 1130 1655 crastino
1165 1627 1299 1654 mane
1332 1614 1523 1655 accessit
1555 1615 1613 1654 ad
1646 1627 1752 1654 eum
1784 1614 1952 1664 abbas;
1997 1627 2133 1668 quem

475 1701 581 1728 cum
615 1687 731 1728 uidit
763 1687 1022 1740 episcopus,
1055 1687 1366 1739 interrogauit,
1400 1686 1436 1727 si
1468 1686 1644 1727 licitum
1674 1686 1714 1727 ei
1739 1691 1856 1727 esset
1880 1686 2134 1740 capitulum

475 1765 684 1802 nostrum
717 1761 898 1800 intrare.
962 1760 1067 1810 Quo
1100 1760 1423 1813 respondente:
1474 1759 1666 1812 »Licet«,
1708 1759 1846 1799 simul
1878 1759 2132 1813 capitulum

476 1834 774 1874 intrauerunt.
848 1832 1169 1873 Residentibus
1217 1832 1436 1873 omnibus
1484 1836 1525 1872 et
1570 1832 1843 1883 tacentibus,
1891 1832 2135 1885 episcopus

474 1906 553 1947 tali
586 1905 808 1958 affamine
841 1918 1031 1946 exorsus
1064 1909 1147 1945 est:
1204 1905 1322 1945 »Nos
1355 1904 1614 1958 uenimus«,
1656 1904 1833 1958 inquid,
1883 1905 1998 1945 »huc
2030 1904 2135 1945 uisi-

475 1979 602 2019 tandi
649 1979 812 2030 gratia,
869 1983 910 2018 et
957 1978 1175 2018 uolumus
1223 1977 1357 2028 scire,
1420 1978 1455 2017 si
1511 1977 1679 2031 aliquis
1726 1978 1863 2018 habet
1911 1978 2134 2018 aduersus

479 2051 681 2105 aliquem
722 2051 916 2105 aliquid,
965 2054 1007 2090 et
1043 2050 1080 2089 si
1121 2050 1330 2090 ordinem
1373 2054 1579 2090 uestrum
1618 2048 1627 2103 Ιξ
1668 2050 1873 2101 seruatis,
1916 2050 2134 2090 uolumus

478 2124 612 2171 scireg
661 2128 702 2164 et
748 2123 858 2177 quid
906 2127 948 2163 et
994 2126 1220 2176 quantum
1268 2124 1324 2163 ad
1374 2128 1554 2175 portam
1597 2125 1655 2163 ad
1696 2136 1831 2163 usum
1878 2135 2131 2175 pauperum

478 2197 609 2248 datis,
650 2197 870 2236 uolumus
903 2195 1056 2236 scire«
1122 2195 1254 2235 Tunc
1285 2195 1447 2235 abbas:
1502 2195 1740 2244 »Domine,
1789 2196 1825 2236 si
1859 2195 2013 2248 aliqua
2046 2194 2132 2235 alia

477 2269 656 2309 habetis
689 2269 905 2322 proferre,
937 2267 1094 2317 dicite3
1143 2280 1251 2308 nam
1284 2268 1371 2308 ista
1404 2280 1497 2308 non
1530 2268 1757 2321 pertinent
1789 2269 1845 2309 ad
1880 2280 1977 2308 uos.
2041 2268 2133 2308 Nos

478 2342 706 2382 habemus
754 2341 1012 2381 uisitatores
1060 2343 1209 2393 patres
1256 2340 1484 2380 abbates«
1575 2341 1631 2380 Et
1677 2340 1898 2381 continuo
1946 2351 2133 2392 surgens

479 2414 623 2454 abbas
661 2413 775 2454 dixit
818 2413 1124 2454 ‘Adiutorium
1165 2415 1411 2461 nostrum‘3
1459 2417 1500 2452 et
1546 2413 1688 2453 exiuit
1734 2425 1840 2453 cum
1888 2416 2133 2463 conuentu,

480 2486 696 2540 episcopo
752 2486 1072 2540 subsequente.
1163 2486 1219 2525 At
1271 2485 1346 2525 ille
1401 2485 1552 2525 statim
1609 2485 1766 2526 uocari
1820 2486 1877 2526 ad
1933 2498 1980 2525 se
2031 2484 2134 2525 fecit

479 2559 707 2599 abbatem.
771 2559 861 2609 Qui
895 2570 1001 2599 cum
1034 2559 1090 2598 ad
1124 2570 1229 2598 eum
1264 2557 1478 2608 uenisset,
1511 2558 1626 2598 dixit
1658 2558 1922 2611 episcopus:
1971 2557 2132 2599 »Volu-

480 2644 584 2671 mus
631 2632 757 2684 loqui
804 2630 1094 2671 conuentui.«
1187 2630 1341 2670 Abbas
1389 2629 1666 2682 intelligens,
1725 2630 1849 2684 quod
1898 2630 2035 2670 uellet
2080 2630 2134 2669 de

480 2703 803 2756 procuratione
847 2703 994 2743 facere
1026 2702 1331 2753 mencionem,
1380 2702 1658 2742 conuocauit
1696 2706 1978 2742 conuentum
2017 2714 2134 2742 seor-

410 2790 417 2819 :
479 2788 596 2827 sum,
645 2779 687 2815 et
717 2775 779 2816 ait
810 2775 895 2815 illi:
948 2775 1246 2828 »Episcopus,
1294 2778 1343 2814 ut·
1375 2775 1524 2826 credo,
1572 2775 1672 2814 uult
1713 2773 1888 2826 exigere
1922 2786 2133 2827 procura-

571 2889 632 2924 13.
660 2889 858 2935 repondit
883 2887 948 2925 CS.
1016 2888 1076 2923 17.
1109 2887 1280 2933 adipum
1315 2889 1459 2922 auctor
1478 2898 1556 2933 pro
1588 2887 1753 2934 adipem
1781 2887 1931 2923 dixisse
1955 2888 2132 2931 videtur;

479 2945 707 2991 siynificari
742 2948 841 2992 puto
883 2946 1092 2981 lucernam
1131 2954 1323 2990 paruam,
1372 2945 1485 2979 cuias
1521 2945 1694 2990 flamma
1734 2944 1853 2990 adipe
1891 2946 1990 2990 (pro
2030 2944 2130 2988 oleo)

481 3001 746 3039 nutriebatur.
825 3003 889 3039 23.
939 3002 1121 3038 afamine
1169 2999 1233 3038 CS.
1313 3002 1376 3038 28.
1415 3001 1581 3047 (pfrerre
1623 3000 1686 3038 CS.
1766 3002 1828 3037 30.
1876 3002 2128 3037 adiutorium

482 3062 692 3096 nostrum:
726 3059 874 3096 Psalm.
912 3059 1055 3099 12:218.
