2242 3551
445 933 485 964 10

443 1296 485 1327 15

443 1659 485 1690 20

444 2021 486 2051 25

443 2383 485 2414 30

512 151 594 190 200
855 159 1131 188 scmPTORES
1164 160 1391 189 HISTORIAE
1423 159 1601 188 DANICAE
1632 160 1832 190 MlNORES

513 276 750 327 Vghetsun
785 274 1042 327 episcopus,
1090 286 1227 326 quem
1262 273 1558 326 prediximus,
1606 277 1753 326 preter
1785 274 1873 314 alia
1906 275 2041 327 mala,
2080 288 2167 328 que

513 349 712 388 claustro
761 349 918 386 nostro
965 345 1152 397 fecerat,
1211 350 1394 399 propter
1441 350 1691 399 apparatus
1737 346 1876 386 trium
1923 360 2167 396 annorum,

513 420 590 474 qui
624 419 893 469 restiterant,
940 418 1050 457 dum
1094 422 1275 458 vacaret
1314 419 1443 459 sedes
1484 418 1701 471 episcopi,
1749 431 1774 458 a
1816 419 1951 460 nobis
1984 419 2168 460 extorsit

512 491 735 532 violenter
781 494 964 532 centum
1014 491 1264 542 nonaginta
1313 503 1493 531 marcas
1539 491 1850 532 denariorum.
1915 492 1969 532 Et
2011 497 2167 545 postea

512 564 636 605 venit
674 565 730 604 ad
772 577 856 604 nos
897 562 1029 616 quasi
1072 563 1287 604 visitandi
1329 564 1482 616 gratia,
1531 565 1608 604 sed
1650 563 1695 603 in
1735 564 1857 615 dolo,
1904 564 2020 604 sicut
2060 564 2168 605 satis

511 636 738 689 apparuit,
763 636 977 677 euidenti.
1028 637 1219 677 Manens
1244 636 1396 689 itaque
1423 637 1682 688 nobiscum,
1711 640 1847 689 prout
1872 636 1959 677 sibi
1983 637 2167 690 placuit,

512 709 653 749 libros
692 713 874 749 nostros
913 722 1074 750 omnes
1114 709 1159 749 in
1201 709 1401 749 armario
1443 709 1736 762 conspicatus
1769 713 1857 758 est;
1904 709 2021 749 inter
2052 722 2169 762 quos

511 781 623 822 vidit
672 781 808 821 etiam
856 781 1019 834 libros,
1076 794 1193 835 quos
1247 781 1367 822 bone
1422 782 1644 822 memorie
1701 782 1996 834 predecessor
2043 795 2167 833 suus,

513 854 673 894 Petrus
714 853 847 894 Elaui
896 854 1032 906 filius,
1080 854 1246 907 partim
1295 855 1353 894 ob
1400 854 1657 894 remedium
1704 854 1859 894 anime
1906 866 1985 894 sue
2034 853 2168 895 nobis

512 927 780 978 contulerat,
828 930 869 966 et
915 927 1144 980 quosdam
1183 926 1240 966 ab
1280 926 1381 979 ipso
1429 927 1475 966 in
1523 927 1613 967 vita
1662 939 1743 967 sua
1791 926 2169 979 comparauimus

513 998 664 1052 precio
707 999 997 1052 competenti.
1061 998 1231 1039 Videns
1270 999 1424 1052 itaque
1464 999 1587 1039 illius
1627 999 1735 1040 boni
1777 999 1861 1039 viri
1903 998 2090 1039 virtutes
2128 1002 2170 1039 et

512 1084 718 1123 munera,
767 1075 808 1111 et
846 1071 980 1112 nobis
1022 1071 1203 1125 ipsique
1235 1075 1417 1112 mortuo
1450 1071 1680 1124 inuidens,
1728 1072 1860 1112 iussit
1892 1071 2033 1112 libros
2066 1071 2168 1111 illos

512 1143 676 1184 deferri
716 1144 772 1183 ad
814 1144 1007 1184 domum
1050 1143 1254 1197 episcopi
1293 1147 1334 1183 et
1376 1144 1462 1184 sibi
1503 1144 1690 1198 suisque
1733 1144 1870 1185 sociis
1902 1144 2167 1197 presentari,

511 1215 642 1256 tactis
682 1220 786 1256 ante
828 1216 1132 1257 sacrosanctis
1173 1216 1378 1270 reliquiis
1421 1221 1463 1257 et
1503 1216 1763 1257 iuramento
1797 1229 1934 1270 super
1967 1227 2168 1268 ewange-

513 1288 626 1328 lium
662 1289 860 1341 prestito,
894 1290 1018 1343 quod
1052 1289 1204 1329 statim
1239 1289 1303 1330 eis
1334 1290 1444 1330 visis
1478 1302 1639 1330 omnes
1672 1289 1891 1330 continuo
1924 1289 2090 1330 faceret
2121 1289 2168 1329 in

513 1373 761 1402 commune
800 1361 1025 1402 librorum
1067 1365 1329 1402 nostrorum
1377 1361 1630 1402 armarium
1674 1361 1909 1415 reportari.
1974 1362 2167 1402 Factum

513 1437 591 1485 est,
638 1437 685 1473 vt
715 1434 927 1483 iusserat3
978 1434 1055 1474 sed
1096 1434 1284 1475 mentita
1323 1438 1389 1475 est
1420 1434 1639 1487 iniquitas
1674 1434 1776 1474 sibi.
1838 1434 1917 1474 Ille
1950 1447 2169 1487 namque,

513 1505 682 1546 oblitus
723 1506 900 1546 domini
943 1506 1013 1546 dei
1055 1507 1271 1547 creatoris
1312 1507 1383 1547 sui
1423 1507 1654 1560 simulque
1692 1507 1939 1547 iuramenti
1980 1507 2168 1560 prestiti,

513 1578 725 1619 meliores
772 1578 980 1619 ducentis
1028 1579 1194 1618 marcis
1241 1580 1558 1632 denariorum,
1605 1593 1699 1619 non
1746 1579 1863 1619 Sicut
1910 1578 2168 1632 episcopus,

512 1651 590 1691 sed
637 1654 877 1704 tamquam
925 1651 1194 1703 sacrilegus,
1245 1653 1300 1692 de
1355 1653 1555 1693 claustro
1609 1651 1745 1692 nobis
1793 1651 1934 1691 libros
1981 1651 2168 1691 abstulit

512 1723 744 1763 violenter.
799 1724 887 1764 Pro
920 1736 973 1764 eo
1007 1735 1126 1775 ergo,
1159 1725 1283 1777 quod
1316 1738 1408 1765 non
1442 1729 1509 1766 est
1541 1725 1806 1765 recordatus
1838 1724 1985 1764 facere
2019 1723 2167 1764 nobis-

512 1808 616 1835 cum
652 1795 1031 1847 misericordiam,
1065 1797 1220 1837 reddet
1243 1797 1307 1836 illi
1335 1799 1460 1847 deus,
1492 1811 1633 1851 quam
1659 1801 1901 1848 meruerat,
1934 1796 2166 1836 talionem.

514 1869 579 1908 De
626 1868 794 1908 domus
841 1872 995 1909 autem
1034 1868 1173 1909 huius
1216 1869 1405 1910 infamia
1447 1874 1488 1909 et
1530 1870 1677 1910 tocius
1720 1869 1895 1910 ordinis
1936 1869 2168 1919 scandalo,

512 1941 635 1994 quod
678 1940 966 1993 temporibus
1005 1941 1113 1981 dicti
1153 1941 1333 1982 abbatis
1365 1942 1544 1994 accidit,
1591 1956 1685 1982 non
1718 1946 1784 1983 est
1817 1955 1970 1982 meum
2005 1940 2168 1982 descri-

514 2013 633 2063 bere,
680 2012 902 2066 quoniam
944 2013 1055 2053 satis
1095 2017 1257 2054 notum
1301 2018 1367 2054 est
1405 2015 1486 2054 toti
1529 2015 1719 2055 mundo.
1783 2015 1973 2067 Propter
2005 2026 2168 2054 causas

513 2084 782 2125 huiusmodi
816 2089 856 2124 et
890 2085 1030 2125 uerba
1063 2086 1345 2139 iniquorum,
1395 2099 1482 2140 que
1524 2088 1852 2140 preualuerunt
1891 2099 2028 2139 super
2070 2099 2168 2137 nos,

514 2160 555 2196 et
587 2156 707 2196 mala
741 2157 1013 2210 multiplicia
1046 2159 1101 2198 de
1133 2158 1206 2199 die
1238 2158 1283 2198 in
1318 2159 1438 2200 diem
1473 2173 1610 2212 super
1642 2161 1832 2200 domum
1864 2159 1999 2199 istam
2023 2170 2167 2198 accre-

513 2229 685 2269 scentia
741 2229 869 2282 petiit
920 2229 995 2270 ille
1053 2230 1204 2271 bonus
1261 2232 1402 2272 homo
1460 2232 1604 2272 abbas
1652 2232 1830 2273 Olauus
1883 2234 1924 2271 et
1971 2230 2169 2283 optinuit

514 2301 783 2341 cessionem.

600 2372 684 2413 Cui
732 2375 983 2415 succedens
1029 2375 1248 2416 dominus
1294 2377 1556 2428 Asgotus‚
1613 2381 1723 2417 tunc
1768 2376 1993 2417 Vitescole
2040 2376 2166 2416 celle-

513 2445 660 2485 rarius
692 2449 733 2485 et
765 2445 937 2487 ibidem
970 2447 1162 2488 dilectus
1194 2449 1252 2488 ab
1285 2449 1517 2501 omnibus,
1562 2450 1706 2490 abbas
1739 2448 1851 2489 Care
1886 2449 2038 2489 Insule
2071 2460 2166 2501 pre-

514 2517 663 2558 ficitur
695 2531 817 2559 anno
850 2520 1027 2560 domini
1061 2509 1166 2561 .1s‘i.c⁰c.
1199 2521 1584 2575 quinquagesimo
1618 2521 1783 2574 quinto,
1828 2521 1872 2561 in
1916 2520 1988 2561 die
2021 2520 2166 2560 sancti

515 2590 732 2630 Medardi.
797 2590 1006 2644 Cumque
1039 2592 1234 2633 stetisset
1265 2606 1441 2633 annum
1475 2597 1516 2633 et
1548 2593 1810 2645 dimidium,
1850 2592 2094 2646 inspirauit
2127 2592 2165 2632 ei

513 2661 640 2711 deus,
686 2664 810 2716 quod
858 2664 1091 2704 abbatiam
1139 2665 1197 2704 ad
1245 2677 1416 2705 nouam
1466 2666 1706 2706 ecclesiam
1752 2666 2017 2706 transferret
2058 2677 2164 2705 cum

599 2790 634 2825 6.
666 2790 762 2836 itaq,
788 2789 862 2836 C53
896 2792 1038 2828 malim
1066 2798 1170 2838 naq3.
1236 2792 1297 2829 13.
1329 2793 1437 2829 dom.
1465 2804 1540 2840 ep„
1573 2794 1614 2829 1‘11
1649 2794 1734 2840 ipso
1760 2792 2020 2837 monasterie,
2056 2791 2164 2837 infra

513 2850 867 2884 commemoratur.
936 2849 998 2886 17.
1033 2849 1203 2885 mentita
1238 2860 1270 2885 e.
1294 2850 1316 2885 i.
1348 2850 1449 2887 sibi:
1484 2850 1715 2896 Psalm.26,
1738 2851 1797 2887 12.
1862 2851 1923 2886 18.
1956 2849 2163 2885 oblitus..

512 2903 595 2939 sui:
629 2903 843 2941 Deuteron.
871 2905 932 2950 32,
954 2906 1026 2950 w,-
1058 2906 1153 2952 Rey.
1184 2906 1214 2951 I,
1251 2906 1311 2952 12,
1333 2907 1366 2943 9.
1429 2908 1492 2943 26.
1525 2908 1824 2944 uerba..nos:
1857 2907 2007 2943 Psalm.
2043 2906 2104 2950 64,
2125 2904 2161 2941 4.

515 2960 577 2995 31.
625 2963 718 2996 ante
762 2962 978 3006 preficitur
1034 2963 1074 2998 in
1125 2973 1253 3009 marg.
1300 2963 1531 3000 rubricator
1570 2964 1725 3010 pinxit:
1784 2975 1911 3000 XIIII.
1951 2962 1954 3013 Ι
1991 2963 2161 2998 abbas.

515 3017 577 3052 32.
610 3017 757 3063 quinto
791 3019 880 3054 add.
914 3019 1151 3065 Lanyebelc;
1185 3020 1225 3056 in
1259 3020 1392 3056 codiee
1424 3032 1597 3057 vacuum
1630 3022 1807 3068 spatium
1840 3024 1897 3058 est
1926 3024 2019 3058 ante
2052 3021 2107 3055 In.
