2242 3551
418 1021 459 1053 10

416 1385 457 1415 15

414 1748 457 1780 20

413 2115 454 2146 25

487 236 572 276 486
822 245 1098 275 SCRIPTORES
1132 246 1360 275 HlsroR1AE
1392 246 1570 275 DANlCAE
1602 246 1803 275 MiNonsss

488 360 700 414 piscium,
747 360 1013 400 tabularum
1051 360 1195 401 frusta
1235 360 1447 413 legentes,
1494 373 1547 401 ac
1585 360 1775 401 funibus
1817 362 2006 402 collecta
2039 374 2144 402 con-

488 432 729 484 stringunt,
762 432 980 473 facientes
1012 418 1139 486 (sibi)
1171 431 1376 485 aliquam
1410 436 1644 486 utcunque
1667 432 1943 485 congeriem,
1974 433 2021 474 in
2051 447 2143 487 qua

487 517 534 544 se
565 504 681 545 tueri
713 505 771 544 ab
804 504 1038 545 undarum
1079 504 1344 545 incursibus
1383 505 1523 546 modo
1564 505 1816 546 miserabili
1855 505 2142 557 nitebantur3

486 577 533 617 in
565 590 706 631 quam
739 576 993 617 insilientes
1025 576 1114 617 uiri
1147 564 1288 618 ferme
1322 576 1504 630 triginta
1536 577 1735 631 quinque
1764 578 1853 618 hac
1876 582 1971 619 arte
1996 578 2142 619 uitam

486 653 721 703 protegere
753 650 1040 691 laborabant.
1104 649 1219 690 Mira
1252 650 1307 690 de
1341 649 1425 698 his,
1468 650 1548 690 sed
1581 662 1704 702 uera,
1743 650 1901 691 referri
1933 656 2142 704 possunt,

487 735 575 776 que
616 735 732 775 pene
771 722 989 763 uidentur
1028 722 1216 763 obuiare
1254 722 1444 772 rationi,
1492 735 1608 775 quos
1641 722 1813 776 utique,
1861 723 1947 763 nisi
1982 723 2143 765 diuino

486 794 680 836 fuissent
726 795 896 836 seruati
942 795 1182 848 miraculo,
1229 795 1398 836 fluctus
1437 795 1701 836 sorbuisset.
1766 796 1801 836 A
1850 799 1974 836 sexta
2019 796 2141 836 enim

486 867 597 909 feria
635 881 781 922 usque
819 868 867 908 in
905 868 1087 909 tertiam
1128 868 1263 916 fame,
1311 867 1383 908 siti
1430 872 1472 908 et
1517 868 1670 920 algore
1717 880 1802 908 nec
1847 881 1940 908 non
1984 868 2143 922 inopia

485 941 638 981 somni
670 941 898 982 cruciatos
930 941 1159 994 quosdam
1193 953 1318 981 mors
1351 940 1598 994 occupauit
1630 940 1676 980 in
1705 940 1919 990 domin03
1951 941 2142 995 quidam

486 1026 611 1065 uero,
645 1026 783 1054 sensu
807 1013 1000 1067 perdito,
1033 1027 1090 1054 ne
1113 1013 1161 1053 in
1187 1025 1377 1067 preceps
1400 1017 1598 1063 ruerent,
1624 1013 1731 1053 loris
1753 1013 2143 1066 constringuntur,

485 1086 633 1126 donec
664 1088 749 1127 deo
783 1088 899 1127 duce
932 1088 989 1127 ad
1023 1086 1130 1126 litus
1172 1086 1400 1140 impulsos
1438 1086 1652 1126 homines
1692 1085 1816 1126 illius
1856 1091 1973 1127 terre
2012 1086 2143 1127 semi-

486 1160 620 1199 uiuos
657 1159 953 1213 susciperent.
1013 1159 1224 1210 Quorum
1267 1159 1458 1212 quidam
1499 1158 1803 1199 humanitatis
1840 1158 2049 1200 officium
2079 1159 2142 1200 af-

484 1231 619 1271 flictis
644 1232 882 1282 exhibent,
913 1232 1057 1286 aliqui
1086 1244 1195 1273 uero
1219 1235 1343 1272 tante
1367 1230 1650 1272 crudelitatis
1676 1230 1888 1281 existunt,
1923 1235 1972 1271 ut
1996 1231 2141 1273 uitam

484 1304 815 1353 miserabilem,
863 1317 1005 1358 quam
1051 1304 1170 1345 inter
1217 1304 1341 1345 mille
1388 1308 1558 1344 mortes
1606 1303 1814 1345 Christus
1861 1308 2141 1356 seruauerat,

484 1377 745 1429 extinguere
769 1390 865 1418 non
888 1378 1140 1418 horrerent.
1190 1377 1277 1418 Sed
1310 1376 1474 1417 uitium
1509 1376 1658 1417 uirtus
1690 1376 1895 1429 exclusit,
1928 1380 1971 1417 et
1995 1377 2141 1431 pietas

484 1449 696 1490 seuitiam
737 1449 997 1503 superabat.
1060 1449 1100 1491 O
1139 1450 1366 1503 stupenda
1413 1446 1571 1490 diuine
1618 1449 1871 1490 maiestatis
1914 1463 2052 1503 opera
2092 1450 2140 1490 in

484 1534 568 1563 suo
600 1522 835 1575 uniuerso,
866 1535 956 1576 que
987 1526 1153 1563 cuncta
1180 1522 1278 1563 iure
1301 1523 1713 1563 commendantur!
1747 1523 1946 1576 quedam
1971 1526 2140 1569 tamen,

483 1598 658 1648 quanto
685 1595 871 1645 rariora,
903 1599 1030 1635 tanto
1053 1594 1200 1647 magis
1223 1594 1454 1635 mirabilia
1476 1594 1786 1648 predicantur,
1819 1608 1908 1649 que
1937 1595 2141 1636 seruauit

483 1667 668 1708 diuerso
714 1672 921 1721 tempore
967 1668 1230 1709 reuelanda.
1315 1668 1477 1708 Vtrum
1532 1667 1678 1720 magis
1726 1667 1883 1708 mirari
1931 1668 2139 1720 debeam,

483 1740 710 1781 incertum
743 1741 912 1782 habeo:
947 1753 1073 1781 mare
1104 1740 1191 1780 sub
1224 1739 1362 1781 undis
1392 1740 1477 1781 iter
1508 1740 1683 1781 siccum
1718 1740 1968 1793 prebuisse,
2001 1754 2060 1781 an
2092 1741 2139 1782 in

482 1813 701 1854 fluctibus
740 1813 915 1867 absque
956 1813 1090 1853 nauis
1130 1813 1350 1865 suffragio
1384 1812 1509 1853 uiam
1542 1813 1759 1866 patuisse.
1824 1813 2032 1854 Hebreus
2064 1813 2139 1855 ille

482 1887 721 1939 quondam
744 1887 961 1939 populus,
994 1899 1019 1926 a
1041 1887 1127 1926 deo
1150 1885 1409 1938 specialiter
1430 1886 1601 1927 electus
1622 1889 1790 1925 terram
1816 1886 2139 1939 promissionis

482 1958 757 1999 hereditaria
792 1962 911 1999 sorte
945 1971 1257 2012 possessurUS,
1302 1959 1360 1999 ab
1393 1958 1587 2012 Egyptia
1621 1957 1841 1998 seruitute
1873 1959 2139 2012 redemptus

483 2030 609 2071 rubri
648 2031 789 2072 maris
827 2031 976 2071 undas
1024 2031 1301 2072 miraculose
1345 2030 1519 2071 diuisas
1567 2031 1696 2071 arido
1744 2032 1858 2084 pede
1905 2031 2136 2081 transiuit3

482 2104 683 2156 populus
728 2108 883 2144 autem
930 2103 1006 2144 hic
1052 2107 1221 2155 noster,
1269 2104 1463 2144 eandem
1510 2107 1679 2143 terram
1727 2106 2004 2157 cooperante
2050 2103 2138 2144 sibi

484 2175 652 2217 Christi
684 2176 827 2229 gratia
860 2189 884 2216 a
918 2176 1189 2217 subactione
1213 2175 1464 2217 Chaldaica
1494 2175 1786 2225 liberaturus,
1820 2188 1957 2229 super
1989 2176 2138 2216 undas

482 2247 656 2289 Oceani
702 2249 867 2290 diebus
914 2248 1119 2303 quinque
1165 2261 1219 2289 ac
1264 2248 1456 2289 totidem
1502 2248 1717 2288 noctibus
1755 2260 1983 2289 concusso
2028 2248 2138 2288 ratis

483 2321 645 2362 solatio
677 2321 947 2362 transeundi
979 2321 1245 2362 facultatem
1278 2320 1552 2374 promeruit!

571 2431 606 2467 2.
649 2431 729 2467 sibi
772 2417 820 2481 (ἕ)
860 2432 1011 2468 addidi.
1090 2433 1125 2468 4.
1166 2431 1335 2477 triginta
1373 2430 1445 2477 qui
1484 2430 1539 2475 03
1587 2430 1628 2465 in
1666 2432 1857 2476 corrupto
1893 2430 2140 2475 pronomine

482 2488 653 2524 relatiuo
700 2489 787 2525 sine
831 2488 954 2525 dubio
1001 2489 1096 2526 latet
1141 2494 1333 2535 qu1q32
1369 2488 1570 2534 quinque.
1665 2488 1699 2523 6.
1746 2487 1923 2523 obuiare
1970 2487 2139 2532 (obuia')

482 2546 638 2592 scripsi,
671 2546 781 2592 quod
811 2549 914 2582 certe
944 2547 1039 2582 latet
1069 2547 1110 2582 in
1144 2545 1283 2588 obuia,
1314 2545 1424 2592 quod
1455 2545 1487 2580 A
1519 2544 1658 2590 habct3
1689 2544 1813 2580 obvia
1847 2544 1932 2588 MS,
1968 2544 2059 2580 item
2093 2544 2138 2589 K,

483 2602 688 2649 adscripto
721 2604 762 2639 in
796 2614 926 2650 mary.
964 2604 1190 2640 contraria.
1252 2603 1286 2639 8.
1319 2603 1371 2638 ad
1404 2603 1569 2638 tertiam
1599 2602 1639 2639 S.
1708 2602 1768 2637 10.
1800 2612 1927 2637 sensu
1960 2601 2140 2648 perdito,

471 2660 505 2695 .i.
530 2671 561 2699 e.
589 2660 800 2696 dementia
825 2661 948 2707 capti.
1039 2660 1132 2711 lore
1162 2661 1457 2708 ostringuntur
1485 2659 1605 2696 credo
1636 2657 1904 2705 archetypum
1933 2657 2137 2703 habuisse,

482 2716 577 2753 loco
617 2718 883 2764 stringuntur
924 2717 998 2754 OK
1036 2719 1235 2764 corrupte,
1282 2716 1351 2753 sed
1389 2715 1449 2752 ΜΞ
1490 2718 1624 2752 tamen
1664 2716 1756 2752 loro
1797 2716 1983 2760 correxit,
2032 2716 2141 2762 quod

483 2809 604 2844 etiam
625 2808 842 2856 Lanqebelc
874 2809 914 2844 in
942 2820 1016 2845 suo
1047 2809 1273 2855 eaeemplari
1302 2808 1527 2854 adscripsit.
1593 2808 1655 2844 14.
1689 2770 1789 2843 §CK-z
1811 2807 2005 2843 Christus
2033 2806 2139 2851 MlA,

1542 2863 1558 2881 0

484 2888 552 2923 sed
582 2887 658 2924 hoc
688 2888 814 2925 deleto
841 2887 900 2925 Μ2
933 2889 974 2925 in
1008 2900 1139 2935 mary.
1171 2885 1289 2938 νίκα)
1318 2887 1494 2934 scripsit,
1537 2888 1570 2923 X
1603 2888 1642 2924 S.
1724 2887 1785 2923 16.
1821 2887 2051 2933 superabat
2081 2886 2137 2934 03

483 2943 703 2992 superauit
751 2946 831 2982 KL.
926 2947 988 2983 17.
1031 2957 1113 2993 que
1152 2956 1183 2982 c.
1225 2946 1248 2982 i.
1294 2945 1668 2982 commendantur:
1729 2946 1874 2980 auctor
1916 2944 1964 2979 de
2009 2942 2138 2979 verbis

487 3001 620 3039 Genes.
670 3002 705 3047 1,
739 3002 791 3039 31
839 3003 1036 3050 cogitasse
1082 3003 1249 3039 videtur.
1340 3003 1401 3038 19.
1449 3002 1676 3038 revelando
1724 3002 1767 3037 Α.
1844 3001 1907 3037 20.
1956 3011 2137 3037 mare..

486 3058 722 3105 prebuisse:
785 3060 856 3106 cfr.
904 3059 1089 3096 narratio
1131 3057 1263 3096 Exodi
1308 3070 1336 3095 e.
1382 3059 1443 3105 14,
1472 3059 1523 3095 21
1550 3069 1630 3105 sqq<
1723 3058 1788 3094 23.
1835 3057 2050 3104 AEgyptica
2098 3057 2136 3093 S.

486 3115 550 3151 24.
582 3116 688 3162 pede
720 3117 839 3153 arido
872 3117 911 3153 S.
949 3138 1003 3142 —
