2242 3551
506 213 565 240 DE
599 212 789 241 nsmcm
824 213 879 240 ET
914 214 1102 242 PA'eris
1137 215 1235 243 Eivs
1619 206 1702 245 439

41 333 152 378 tum,
200 327 466 368 oracionem
505 312 561 368 de
600 327 736 368 corde
777 339 893 380 puro
926 327 1145 368 fuderunt
1176 328 1233 369 ad
1267 330 1527 380 (lominum,
1575 331 1703 371 obse-

42 404 234 451 crantes,
281 403 331 440 ut
372 399 460 440 sibi
500 403 687 453 peccata
727 399 1067 440 dimitterentur
1105 404 1145 440 et
1186 402 1243 442 ab
1277 402 1404 442 omni
1438 403 1561 443 malo
1595 403 1701 443 libe—

41 477 262 515 rarentur.
312 473 406 513 Nec
437 471 583 513 defuit
614 484 776 512 eorum
810 472 928 513 votis
961 485 1159 525 superne
1187 475 1427 515 clementie
1452 480 1700 528 respectus,

43 545 442 600 quemadmodum
474 544 540 585 rei
572 544 827 585 declarauit
857 549 1064 585 euentus.

124 618 221 660 VII.
285 618 404 658 Nam
451 629 557 658 cum
608 617 819 671 protinus
867 618 1099 658 venientes
1148 619 1205 658 ad
1249 619 1445 660 fluuium
1492 621 1699 661 Iordanis
1726 632 1745 661 5

42 692 160 732 vnda
208 690 285 731 illa
334 693 510 730 sacrata
560 690 703 743 potati
751 694 903 731 essent
949 694 1085 745 atque
1133 692 1318 744 perfusi,
1366 705 1484 733 vnus
1530 706 1576 733 es
1624 693 1701 736 eis.

42 775 237 816 magnus
278 762 489 804 videlicet
530 762 605 803 ille
645 767 859 816 peccator
893 764 1110 815 Eskillus,
1160 765 1402 816 magnifice
1442 767 1496 806 de
1529 766 1702 807 miseri-

41 836 196 878 cordia
230 836 302 877 dei
336 848 609 889 presumens
641 840 684 876 et
715 836 958 877 effundens
992 836 1197 877 animam
1234 850 1365 877 suam
1400 838 1445 877 in
1472 838 1701 889 oracione,

41 909 260 951 clamauit
290 909 349 949 ad
380 909 624 949 dominum
660 912 702 949 et
734 909 867 950 dixit:
907 910 1058 949 »Deus
1090 909 1384 963 omnipotens
1418 913 1459 950 et
1486 911 1700 961 clemens,

41 985 135 1023 esto
182 981 441 1036 propicius,
504 982 718 1031 obsecro,
784 982 926 1023 michi
974 982 1223 1036 peccatori,
1286 986 1327 1022 et
1374 995 1429 1022 ne
1476 984 1701 1037 despicias
1729 996 1769 1025 ιο

40 1055 245 1096 animam
278 1054 616 1108 qualiscunque
649 1055 770 1095 serui
802 1055 883 1107 tui,
931 1068 1070 1109 quam
1116 1056 1173 1095 de
1206 1055 1437 1108 profundo
1471 1057 1699 1097 malorum

41 1127 237 1169 eduxisti
276 1131 317 1167 et
356 1132 458 1181 post
488 1131 615 1168 tanta
649 1129 874 1169 scelerum
907 1141 1120 1169 meorum
1154 1127 1392 1180 naufragia
1425 1129 1481 1168 ad
1516 1133 1698 1182 portum

41 1200 288 1256 penitentie
330 1200 690 1242 misericorditer
735 1201 988 1242 adduxisti!
1053 1201 1107 1241 Et
1156 1213 1293 1252 nunc,
1340 1201 1527 1241 domine
1574 1202 1700 1249 deus,

41 1277 251 1328 suspecta
309 1277 377 1314 est
433 1273 575 1315 michi
631 1274 763 1315 valde
812 1274 1031 1326 fragilitas
1079 1286 1181 1314 mea
1230 1277 1272 1314 et
1317 1274 1494 1314 dudum
1541 1274 1700 1314 inolita

41 1346 262 1401 peccandi
302 1348 604 1399 consuetudo,
648 1347 941 1401 multumque
982 1346 1122 1387 timeo
1164 1346 1305 1386 michi
1349 1359 1374 1386 a
1413 1346 1701 1400 memetipso,
1730 1357 1771 1387 15

42 1434 97 1461 ne
128 1420 257 1473 forte,
301 1432 516 1460 reuersus
548 1420 605 1460 ad
640 1419 852 1473 patriam,
900 1419 1167 1460 blandiente
1199 1431 1353 1459 rerum
1388 1419 1702 1472 prosperitate,

41 1493 215 1548 peccati
247 1505 432 1547 quoque
466 1493 656 1533 materia
690 1493 921 1545 illiciente,
954 1494 1009 1533 ad
1044 1491 1264 1546 pristinas
1296 1504 1424 1532 meas
1454 1491 1703 1544 prauitates

40 1565 183 1608 relabi
231 1565 496 1619 compellar.
570 1565 783 1618 Proinde,
832 1565 1031 1620 pijssimi
1071 1569 1213 1618 pater,
1260 1564 1338 1618 qui
1386 1564 1517 1605 diues
1563 1577 1609 1605 es
1655 1564 1701 1604 in

41 1638 357 1683 misericordia
405 1639 626 1679 omnibus
673 1638 1002 1679 inuocantibus
1043 1642 1099 1690 te,
1148 1637 1184 1678 si
1223 1638 1399 1678 bonum
1440 1637 1619 1678 videtur
1655 1636 1701 1676 in

42 1712 188 1754 oculis
219 1711 311 1752 tuis
343 1716 384 1752 et
416 1712 478 1752 ita
512 1712 646 1752 saluti
680 1711 834 1752 anime
867 1725 967 1752 mee
999 1710 1213 1764 expedire
1245 1710 1500 1762 cognoscis,
1542 1722 1702 1762 precor
1727 1721 1770 1751 21)

41 1784 492 1837 indulgentissimam
535 1784 864 1836 benignitatem
904 1788 1046 1836 tuam,
1095 1789 1156 1835 ut,
1204 1783 1417 1824 absoluto
1458 1783 1551 1822 iam
1593 1786 1699 1822 voto

41 1857 429 1911 peregrinacionis
470 1857 625 1909 huius,
672 1857 914 1898 absoluere
954 1870 1026 1897 me
1073 1856 1274 1909 digneris
1314 1869 1337 1895 a
1380 1855 1565 1895 vinculo
1605 1868 1699 1895 cor-

43 1930 167 1984 poris
208 1930 340 1971 istius
379 1930 677 1983 solutumque
717 1929 886 1983 pariter
925 1943 949 1970 a
984 1930 1179 1970 nexibus
1212 1932 1505 1982 peccatorum
1540 1927 1698 1967 iubeas

41 2003 146 2044 duci
179 2003 222 2043 in
258 2003 475 2056 refrigerij
512 2003 706 2043 locum.«
1725 2053 1728 2057 .

125 2076 245 2117 VIII.
309 2076 539 2117 Oracione
571 2089 679 2116 vero
712 2077 940 2129 completa
975 2075 1192 2128 cognouit
1232 2075 1336 2115 ilico
1379 2073 1466 2114 vite
1505 2085 1585 2113 sue
1618 2076 1700 2113 ter·
1724 2082 1766 2112 25

44 2150 223 2190 minum
271 2150 460 2199 instare,
515 2162 746 2202 suumque
803 2148 1085 2189 desiderium
1139 2161 1246 2188 mox
1300 2160 1323 2187 a
1372 2145 1552 2187 Christo
1600 2157 1697 2186 esse

42 2223 385 2275 complendum.
448 2222 592 2274 Vnde,
639 2221 866 2275 perceptis
913 2220 1228 2271 sacramentis,
1274 2217 1491 2260 valedixit
1535 2218 1695 2258 eadem

42 2295 154 2336 hora
188 2306 408 2347 germano
441 2308 526 2336 suo
558 2294 825 2348 ceterisque,
873 2294 951 2348 qui
992 2293 1131 2333 simul
1164 2293 1367 2337 aderant,
1415 2294 1456 2331 et
1487 2290 1696 2343 protinus

42 2367 86 2407 in
121 2372 278 2408 sancta
310 2367 600 2408 confessione
632 2367 831 2407 reddidit
861 2367 1081 2408 animam.

127 2440 166 2481 O
190 2440 675 2493 incomprehensibilis
698 2439 942 2481 clementia
966 2437 1210 2479 saluatoris
1236 2435 1376 2477 nostri
1399 2435 1491 2475 dei!
1534 2435 1697 2475 Nonne
1723 2445 1766 2477 30

42 2512 122 2553 tihi
156 2512 336 2553 videtur
366 2513 413 2553 in
445 2517 683 2566 peccatore
715 2512 801 2552 isto
835 2511 1015 2565 prodigi
1046 2510 1170 2550 illius
1202 2508 1299 2561 filij,
1345 2507 1424 2561 qui
1455 2507 1699 2548 deuorauit

131 2647 164 2681 1.
205 2645 256 2681 de
297 2646 426 2682 corde
458 2657 495 2692 p.
528 2646 763 2682 orationem
798 2637 844 2681 C.
920 2645 955 2681 2.
996 2644 1223 2679 dimitteret
1256 2641 1301 2678 C.
1378 2642 1412 2676 4.
1451 2640 1605 2675 declar.
1637 2640 1697 2675 rei

43 2705 219 2738 euentus
237 2702 282 2739 C.
346 2703 381 2739 9.
414 2704 593 2739 Domine
623 2702 782 2749 omnip.
809 2701 856 2738 C.
923 2703 984 2738 10.
1017 2704 1106 2736 esto
1139 2710 1258 2746 prop.
1292 2697 1408 2742 mihi,
1443 2697 1621 2733 obsecro
1645 2696 1696 2734 C:

43 2758 113 2803 cfr.
145 2759 271 2795 Amos
305 2759 338 2805 7,
359 2760 406 2805 2;
439 2760 533 2797 Luc.
568 2761 628 2806 18,
649 2760 711 2796 13.
779 2761 840 2795 11.
873 2760 1056 2794 animam
1091 2767 1226 2792 meam
1262 2755 1352 2800 BC;
1394 2753 1466 2799 cfr.
1500 2753 1596 2799 Rey.
1631 2752 1696 2792 JV,

46 2816 82 2865 1,
108 2816 169 2853 13.
249 2817 311 2853 12.
351 2818 532 2854 eduxisti
573 2818 700 2865 AB&
749 2817 960 2852 adduxisti
1001 2815 1044 2851 C.
1138 2824 1329 2849 meorum
1361 2810 1488 2856 AEC;
1535 2813 1698 2847 nostro-

44 2884 137 2909 rum
172 2875 216 2910 B.
297 2875 357 2912 15.
397 2875 619 2922 multumq.
652 2875 756 2910 mihi
788 2875 916 2910 timeo
950 2872 996 2909 C.
1078 2872 1138 2906 17.
1172 2870 1381 2906 alliciente
1413 2867 1458 2904 C.
1530 2868 1591 2903 18.
1624 2867 1697 2914 qui

45 2931 163 2967 diues
195 2942 239 2967 es
270 2934 358 2976 etc.‚
388 2932 461 2979 cfr.
496 2932 642 2979 Ephes.
672 2931 773 2975 2,4;
806 2930 922 2967 Rom.
952 2930 1015 2973 10,
1036 2928 1098 2964 12.
1166 2927 1340 2963 19—20.
1372 2927 1414 2961 in
1448 2924 1582 2961 oculis
1614 2925 1697 2960 tuis

43 2998 147 3034 soepe
178 2988 220 3024 in
257 2988 440 3035 Vulgata.
519 2990 583 3025 20.
616 2990 754 3025 anime
786 2998 865 3023 om.
900 2987 942 3023 Β,
1019 2986 1083 3022 24.
1116 2982 1331 3020 introduci
1365 2983 1408 3018 B.
1506 2982 1548 3017 in
1581 2981 1698 3017 refri-

44 3045 145 3090 gerii
183 3045 345 3089 locum,
391 3046 463 3092 cfr.
505 3046 656 3083 Psalm.
707 3046 770 3090 65,
797 3044 859 3080 12.
949 3043 1012 3078 25.
1058 3041 1172 3078 illico
1220 3040 1265 3077 C.
1358 3040 1421 3076 29,
1468 3039 1605 3075 reddit
1651 3039 1695 3074 B.

47 3100 197 3149 30—p.
223 3103 387 3148 440,13
419 3114 498 3141 om.
534 3104 588 3151 B3
621 3103 714 3138 item
739 3101 786 3145 C,
818 3100 900 3136 alia
934 3100 982 3135 de
1012 3109 1084 3135 suo
1116 3097 1372 3134 substituens.
1436 3096 1498 3132 31.
1531 3095 1695 3142 prodigi

45 3157 158 3195 illius
189 3159 282 3197 filii:
315 3159 378 3206 cfr
408 3159 502 3197 Luc.
541 3159 670 3204 15,11
690 3169 773 3205 sqq.
