<?xml version="1.0" encoding="UTF-8"?>
<!DOCTYPE html PUBLIC "-//W3C//DTD XHTML 1.0 Transitional//EN"
    "http://www.w3.org/TR/xhtml1/DTD/xhtml1-transitional.dtd">
<html xmlns="http://www.w3.org/1999/xhtml" xml:lang="en" lang="en">
 <head>
  <title>
</title>
<meta http-equiv="Content-Type" content="text/html;charset=utf-8" />
  <meta name='ocr-system' content='tesseract 3.04.00' />
  <meta name='ocr-capabilities' content='ocr_page ocr_carea ocr_par ocr_line ocrx_word'/>
</head>
<body>
  <div class='ocr_page' id='page_1' title='image "./scriptoresminore212gert/scriptoresminore212gert_0186.png"; bbox 0 0 2242 3551; ppageno 0'>
   <div class='ocr_carea' id='block_1_1' title="bbox 276 595 482 630">
    <p class='ocr_par' dir='ltr' id='par_1_1' title="bbox 276 595 482 630">
     <span class='ocr_line' id='line_1_1' title="bbox 276 595 482 630; baseline -0.005 -1"><span class='ocrx_word' id='word_1_1' title='bbox 276 595 435 630; x_wconf 57' lang='grc' dir='ltr'>Ρο1,12”.</span> <span class='ocrx_word' id='word_1_2' title='bbox 464 599 482 628; x_wconf 80' lang='lat'>5</span> 
     </span>
    </p>
   </div>
   <div class='ocr_carea' id='block_1_2' title="bbox 443 964 482 994">
    <p class='ocr_par' dir='ltr' id='par_1_2' title="bbox 443 964 482 994">
     <span class='ocr_line' id='line_1_2' title="bbox 443 964 482 994; baseline -0.026 0"><span class='ocrx_word' id='word_1_3' title='bbox 443 964 482 994; x_wconf 86' lang='lat'><strong>10</strong></span> 
     </span>
    </p>
   </div>
   <div class='ocr_carea' id='block_1_3' title="bbox 443 1328 483 1358">
    <p class='ocr_par' dir='ltr' id='par_1_3' title="bbox 443 1328 483 1358">
     <span class='ocr_line' id='line_1_3' title="bbox 443 1328 483 1358; baseline 0 0"><span class='ocrx_word' id='word_1_4' title='bbox 443 1328 483 1358; x_wconf 87' lang='grc'><strong>15</strong></span> 
     </span>
    </p>
   </div>
   <div class='ocr_carea' id='block_1_4' title="bbox 446 2646 488 2676">
    <p class='ocr_par' dir='ltr' id='par_1_4' title="bbox 446 2646 488 2676">
     <span class='ocr_line' id='line_1_4' title="bbox 446 2646 488 2676; baseline 0 0"><span class='ocrx_word' id='word_1_5' title='bbox 446 2646 488 2676; x_wconf 86' lang='grc'><strong>30</strong></span> 
     </span>
    </p>
   </div>
   <div class='ocr_carea' id='block_1_5' title="bbox 333 2772 492 2817">
    <p class='ocr_par' dir='ltr' id='par_1_5' title="bbox 333 2772 492 2817">
     <span class='ocr_line' id='line_1_5' title="bbox 333 2772 492 2817; baseline -0.006 0"><span class='ocrx_word' id='word_1_6' title='bbox 333 2772 492 2817; x_wconf 72' lang='lat' dir='ltr'>F01.&#39;13¹&#39;.</span> 
     </span>
    </p>
   </div>
   <div class='ocr_carea' id='block_1_6' title="bbox 516 169 1833 210">
    <p class='ocr_par' dir='ltr' id='par_1_6' title="bbox 516 169 1833 210">
     <span class='ocr_line' id='line_1_6' title="bbox 516 169 1833 210; baseline 0.001 -1"><span class='ocrx_word' id='word_1_7' title='bbox 516 169 595 209; x_wconf 88' lang='grc'><strong>176</strong></span> <span class='ocrx_word' id='word_1_8' title='bbox 855 180 1131 209; x_wconf 82' lang='lat' dir='ltr'>SCRIPTORES</span> <span class='ocrx_word' id='word_1_9' title='bbox 1164 180 1392 210; x_wconf 77' lang='lat' dir='ltr'><strong>HiSTORIAE</strong></span> <span class='ocrx_word' id='word_1_10' title='bbox 1425 181 1601 209; x_wconf 76' lang='lat' dir='ltr'>DANICAE</span> <span class='ocrx_word' id='word_1_11' title='bbox 1634 181 1833 210; x_wconf 79' lang='lat' dir='ltr'>MINORES</span> 
     </span>
    </p>
   </div>
   <div class='ocr_carea' id='block_1_7' title="bbox 510 295 2167 1504">
    <p class='ocr_par' dir='ltr' id='par_1_7' title="bbox 510 295 2167 1504">
     <span class='ocr_line' id='line_1_7' title="bbox 512 295 2166 350; baseline 0.001 -13"><span class='ocrx_word' id='word_1_12' title='bbox 512 301 627 337; x_wconf 89' lang='lat' dir='ltr'><strong>esset</strong></span> <span class='ocrx_word' id='word_1_13' title='bbox 660 296 875 343; x_wconf 86' lang='lat' dir='ltr'><strong>difficilis,</strong></span> <span class='ocrx_word' id='word_1_14' title='bbox 908 295 967 335; x_wconf 88' lang='lat' dir='ltr'><strong>ita</strong></span> <span class='ocrx_word' id='word_1_15' title='bbox 1002 299 1049 335; x_wconf 90' lang='lat' dir='ltr'><strong>ut</strong></span> <span class='ocrx_word' id='word_1_16' title='bbox 1081 295 1332 349; x_wconf 84' lang='lat' dir='ltr'><strong>aliquando</strong></span> <span class='ocrx_word' id='word_1_17' title='bbox 1360 309 1437 349; x_wconf 88' lang='lat' dir='ltr'><strong>per</strong></span> <span class='ocrx_word' id='word_1_18' title='bbox 1462 297 1784 350; x_wconf 76' lang='lat' dir='ltr'>septimanam,</span> <span class='ocrx_word' id='word_1_19' title='bbox 1811 297 2061 350; x_wconf 89' lang='lat' dir='ltr'><strong>aliquando</strong></span> <span class='ocrx_word' id='word_1_20' title='bbox 2087 311 2166 350; x_wconf 90' lang='lat' dir='ltr'><strong>per</strong></span> 
     </span>
     <span class='ocr_line' id='line_1_8' title="bbox 510 368 2163 423; baseline 0.001 -13"><span class='ocrx_word' id='word_1_21' title='bbox 510 370 756 410; x_wconf 90' lang='lat' dir='ltr'><strong>dimidium</strong></span> <span class='ocrx_word' id='word_1_22' title='bbox 790 381 995 408; x_wconf 89' lang='lat' dir='ltr'><strong>mensem</strong></span> <span class='ocrx_word' id='word_1_23' title='bbox 1029 368 1185 409; x_wconf 90' lang='lat' dir='ltr'><strong>nullus</strong></span> <span class='ocrx_word' id='word_1_24' title='bbox 1220 373 1372 421; x_wconf 87' lang='lat' dir='ltr'><strong>posset</strong></span> <span class='ocrx_word' id='word_1_25' title='bbox 1410 369 1587 421; x_wconf 82' lang='lat' dir='ltr'>ingredi</span> <span class='ocrx_word' id='word_1_26' title='bbox 1620 374 1661 410; x_wconf 91' lang='lat' dir='ltr'><strong>et</strong></span> <span class='ocrx_word' id='word_1_27' title='bbox 1692 370 1857 421; x_wconf 86' lang='lat' dir='ltr'><strong>egredi,</strong></span> <span class='ocrx_word' id='word_1_28' title='bbox 1897 374 2163 423; x_wconf 77' lang='lat' dir='ltr'><strong>tempestate</strong></span> 
     </span>
     <span class='ocr_line' id='line_1_9' title="bbox 512 441 2163 496; baseline 0 -13"><span class='ocrx_word' id='word_1_29' title='bbox 512 443 583 483; x_wconf 91' lang='lat' dir='ltr'><strong>uel</strong></span> <span class='ocrx_word' id='word_1_30' title='bbox 616 443 757 495; x_wconf 86' lang='lat' dir='ltr'><strong>glacie</strong></span> <span class='ocrx_word' id='word_1_31' title='bbox 789 442 1081 494; x_wconf 75' lang='lat' dir='ltr'><strong>impediente,</strong></span> <span class='ocrx_word' id='word_1_32' title='bbox 1115 446 1155 482; x_wconf 89' lang='lat' dir='ltr'><strong>et</strong></span> <span class='ocrx_word' id='word_1_33' title='bbox 1188 455 1306 495; x_wconf 90' lang='lat' dir='ltr'><strong>pons</strong></span> <span class='ocrx_word' id='word_1_34' title='bbox 1339 441 1436 482; x_wconf 87' lang='lat' dir='ltr'><strong>fieri</strong></span> <span class='ocrx_word' id='word_1_35' title='bbox 1470 455 1562 482; x_wconf 93' lang='lat' dir='ltr'><strong>non</strong></span> <span class='ocrx_word' id='word_1_36' title='bbox 1589 447 1755 495; x_wconf 88' lang='lat' dir='ltr'><strong>posset,</strong></span> <span class='ocrx_word' id='word_1_37' title='bbox 1788 447 2043 496; x_wconf 84' lang='lat' dir='ltr'><strong>querenteS,</strong></span> <span class='ocrx_word' id='word_1_38' title='bbox 2074 456 2163 496; x_wconf 90' lang='lat' dir='ltr'><strong>quo</strong></span> 
     </span>
     <span class='ocr_line' id='line_1_10' title="bbox 511 515 2165 568; baseline 0 -12"><span class='ocrx_word' id='word_1_39' title='bbox 511 529 556 556; x_wconf 92' lang='lat' dir='ltr'><strong>se</strong></span> <span class='ocrx_word' id='word_1_40' title='bbox 592 515 900 566; x_wconf 70' lang='lat' dir='ltr'><strong>transferrent,</strong></span> <span class='ocrx_word' id='word_1_41' title='bbox 942 518 989 554; x_wconf 92' lang='lat' dir='ltr'><strong>ut</strong></span> <span class='ocrx_word' id='word_1_42' title='bbox 1021 518 1146 555; x_wconf 87' lang='lat' dir='ltr'><strong>tanto</strong></span> <span class='ocrx_word' id='word_1_43' title='bbox 1180 515 1479 555; x_wconf 90' lang='lat' dir='ltr'><strong>incommodo</strong></span> <span class='ocrx_word' id='word_1_44' title='bbox 1512 519 1699 568; x_wconf 85' lang='lat' dir='ltr'><strong>possent</strong></span> <span class='ocrx_word' id='word_1_45' title='bbox 1730 528 1895 563; x_wconf 84' lang='lat' dir='ltr'><strong>carere,</strong></span> <span class='ocrx_word' id='word_1_46' title='bbox 1940 521 2165 556; x_wconf 87' lang='lat' dir='ltr'><strong>uenerunt</strong></span> 
     </span>
     <span class='ocr_line' id='line_1_11' title="bbox 510 587 2166 643; baseline -0.001 -14"><span class='ocrx_word' id='word_1_47' title='bbox 510 590 566 629; x_wconf 93' lang='lat' dir='ltr'><strong>ad</strong></span> <span class='ocrx_word' id='word_1_48' title='bbox 600 588 827 641; x_wconf 77' lang='lat' dir='ltr'><strong>predium,</strong></span> <span class='ocrx_word' id='word_1_49' title='bbox 874 587 998 641; x_wconf 88' lang='lat' dir='ltr'><strong>quod</strong></span> <span class='ocrx_word' id='word_1_50' title='bbox 1032 587 1198 627; x_wconf 89' lang='lat' dir='ltr'><strong>dicitur</strong></span> <span class='ocrx_word' id='word_1_51' title='bbox 1231 587 1335 638; x_wconf 73' lang='lat' dir='ltr'><strong>Om,</strong></span> <span class='ocrx_word' id='word_1_52' title='bbox 1383 588 1514 640; x_wconf 89' lang='lat' dir='ltr'><strong>aquis</strong></span> <span class='ocrx_word' id='word_1_53' title='bbox 1556 591 1596 628; x_wconf 90' lang='lat' dir='ltr'><strong>et</strong></span> <span class='ocrx_word' id='word_1_54' title='bbox 1641 588 1890 641; x_wconf 90' lang='lat' dir='ltr'><strong>paludibus</strong></span> <span class='ocrx_word' id='word_1_55' title='bbox 1924 588 2125 643; x_wconf 89' lang='lat' dir='ltr'><strong>undique</strong></span> <span class='ocrx_word' id='word_1_56' title='bbox 2155 587 2166 643; x_wconf 72' lang='grc' dir='ltr'>Η</span> 
     </span>
     <span class='ocr_line' id='line_1_12' title="bbox 510 660 2161 713; baseline 0 -11"><span class='ocrx_word' id='word_1_57' title='bbox 510 661 912 704; x_wconf 75' lang='lat' dir='ltr'><strong>circumcinctum:</strong></span> <span class='ocrx_word' id='word_1_58' title='bbox 946 664 987 700; x_wconf 88' lang='lat' dir='ltr'><strong>et</strong></span> <span class='ocrx_word' id='word_1_59' title='bbox 1018 660 1135 700; x_wconf 86' lang='lat' dir='ltr'><strong>inter</strong></span> <span class='ocrx_word' id='word_1_60' title='bbox 1166 661 1259 701; x_wconf 92' lang='lat' dir='ltr'><strong>duo</strong></span> <span class='ocrx_word' id='word_1_61' title='bbox 1288 665 1460 712; x_wconf 85' lang='lat' dir='ltr'><strong>stagna,</strong></span> <span class='ocrx_word' id='word_1_62' title='bbox 1495 661 1752 701; x_wconf 89' lang='lat' dir='ltr'><strong>Guthnesse</strong></span> <span class='ocrx_word' id='word_1_63' title='bbox 1777 665 1818 701; x_wconf 89' lang='lat' dir='ltr'><strong>et</strong></span> <span class='ocrx_word' id='word_1_64' title='bbox 1846 661 2008 713; x_wconf 83' lang='lat' dir='ltr'><strong>Mosse,</strong></span> <span class='ocrx_word' id='word_1_65' title='bbox 2041 661 2161 702; x_wconf 81' lang='lat' dir='ltr'><strong>iuxta</strong></span> 
     </span>
     <span class='ocr_line' id='line_1_13' title="bbox 511 733 2166 775; baseline 0 -1"><span class='ocrx_word' id='word_1_66' title='bbox 511 735 675 775; x_wconf 86' lang='lat' dir='ltr'><strong>siluam</strong></span> <span class='ocrx_word' id='word_1_67' title='bbox 712 734 989 773; x_wconf 88' lang='lat' dir='ltr'><strong>inuenerunt</strong></span> <span class='ocrx_word' id='word_1_68' title='bbox 1020 733 1173 773; x_wconf 88' lang='lat' dir='ltr'><strong>locum</strong></span> <span class='ocrx_word' id='word_1_69' title='bbox 1210 734 1459 773; x_wconf 86' lang='lat' dir='ltr'><strong>multorum</strong></span> <span class='ocrx_word' id='word_1_70' title='bbox 1494 733 1788 774; x_wconf 74' lang='lat' dir='ltr'><strong>arbustorum</strong></span> <span class='ocrx_word' id='word_1_71' title='bbox 1815 734 2039 774; x_wconf 86' lang='lat' dir='ltr'><strong>densitate</strong></span> <span class='ocrx_word' id='word_1_72' title='bbox 2063 747 2166 775; x_wconf 92' lang='lat' dir='ltr'><strong>con-</strong></span> 
     </span>
     <span class='ocr_line' id='line_1_14' title="bbox 510 806 2163 860; baseline -0.001 -13"><span class='ocrx_word' id='word_1_73' title='bbox 510 811 694 857; x_wconf 85' lang='lat' dir='ltr'><strong>tectum,</strong></span> <span class='ocrx_word' id='word_1_74' title='bbox 727 806 805 860; x_wconf 91' lang='lat' dir='ltr'><strong>qui</strong></span> <span class='ocrx_word' id='word_1_75' title='bbox 839 806 1082 846; x_wconf 89' lang='lat' dir='ltr'><strong>uidebatur</strong></span> <span class='ocrx_word' id='word_1_76' title='bbox 1114 810 1249 858; x_wconf 90' lang='lat' dir='ltr'><strong>aptus</strong></span> <span class='ocrx_word' id='word_1_77' title='bbox 1283 819 1393 857; x_wconf 91' lang='lat' dir='ltr'><strong>esse,</strong></span> <span class='ocrx_word' id='word_1_78' title='bbox 1437 807 1471 845; x_wconf 92' lang='lat' dir='ltr'><strong>si</strong></span> <span class='ocrx_word' id='word_1_79' title='bbox 1505 807 1561 846; x_wconf 91' lang='lat' dir='ltr'><strong>ad</strong></span> <span class='ocrx_word' id='word_1_80' title='bbox 1596 806 1804 846; x_wconf 88' lang='lat' dir='ltr'><strong>diuersos</strong></span> <span class='ocrx_word' id='word_1_81' title='bbox 1837 820 1948 846; x_wconf 88' lang='lat' dir='ltr'><strong>usus</strong></span> <span class='ocrx_word' id='word_1_82' title='bbox 1981 807 2163 847; x_wconf 84' lang='lat' dir='ltr'><strong>claustri</strong></span> 
     </span>
     <span class='ocr_line' id='line_1_15' title="bbox 510 879 2166 933; baseline -0.001 -13"><span class='ocrx_word' id='word_1_83' title='bbox 510 893 628 933; x_wconf 88' lang='lat' dir='ltr'><strong>aqua</strong></span> <span class='ocrx_word' id='word_1_84' title='bbox 678 893 770 919; x_wconf 92' lang='lat' dir='ltr'><strong>non</strong></span> <span class='ocrx_word' id='word_1_85' title='bbox 818 880 1005 919; x_wconf 84' lang='lat' dir='ltr'><strong>deesset.</strong></span> <span class='ocrx_word' id='word_1_86' title='bbox 1085 879 1268 918; x_wconf 90' lang='lat' dir='ltr'><strong>Domno</strong></span> <span class='ocrx_word' id='word_1_87' title='bbox 1316 879 1469 932; x_wconf 88' lang='lat' dir='ltr'><strong>itaque</strong></span> <span class='ocrx_word' id='word_1_88' title='bbox 1519 879 1735 928; x_wconf 88' lang='lat' dir='ltr'><strong>Martino,</strong></span> <span class='ocrx_word' id='word_1_89' title='bbox 1787 881 2017 920; x_wconf 88' lang='lat' dir='ltr'><strong>monacho</strong></span> <span class='ocrx_word' id='word_1_90' title='bbox 2065 879 2166 919; x_wconf 88' lang='lat' dir='ltr'><strong>arti-</strong></span> 
     </span>
     <span class='ocr_line' id='line_1_16' title="bbox 510 951 2167 1005; baseline -0.001 -11"><span class='ocrx_word' id='word_1_91' title='bbox 510 954 690 1001; x_wconf 81' lang='lat' dir='ltr'><strong>ficioso,</strong></span> <span class='ocrx_word' id='word_1_92' title='bbox 745 965 914 1005; x_wconf 88' lang='lat' dir='ltr'><strong>aquam</strong></span> <span class='ocrx_word' id='word_1_93' title='bbox 970 951 1207 1004; x_wconf 87' lang='lat' dir='ltr'><strong>utriusque</strong></span> <span class='ocrx_word' id='word_1_94' title='bbox 1263 952 1409 1003; x_wconf 83' lang='lat' dir='ltr'><strong>stagni</strong></span> <span class='ocrx_word' id='word_1_95' title='bbox 1465 956 1506 991; x_wconf 86' lang='lat' dir='ltr'><strong>et</strong></span> <span class='ocrx_word' id='word_1_96' title='bbox 1552 951 1841 992; x_wconf 85' lang='lat' dir='ltr'><strong>altitudinem</strong></span> <span class='ocrx_word' id='word_1_97' title='bbox 1889 956 2005 992; x_wconf 87' lang='lat' dir='ltr'><strong>terre</strong></span> <span class='ocrx_word' id='word_1_98' title='bbox 2051 952 2167 993; x_wconf 89' lang='lat' dir='ltr'><strong>inter</strong></span> 
     </span>
     <span class='ocr_line' id='line_1_17' title="bbox 510 1024 2165 1080; baseline -0.001 -14"><span class='ocrx_word' id='word_1_99' title='bbox 510 1031 701 1080; x_wconf 87' lang='lat' dir='ltr'><strong>utraque</strong></span> <span class='ocrx_word' id='word_1_100' title='bbox 749 1025 962 1065; x_wconf 82' lang='lat' dir='ltr'><strong>fodiende</strong></span> <span class='ocrx_word' id='word_1_101' title='bbox 1010 1025 1202 1078; x_wconf 86' lang='lat' dir='ltr'><strong>plumbo</strong></span> <span class='ocrx_word' id='word_1_102' title='bbox 1250 1024 1485 1076; x_wconf 83' lang='lat' dir='ltr'><strong>metiente,</strong></span> <span class='ocrx_word' id='word_1_103' title='bbox 1534 1026 1828 1076; x_wconf 87' lang='lat' dir='ltr'><strong>inuenerunt,</strong></span> <span class='ocrx_word' id='word_1_104' title='bbox 1875 1026 1998 1079; x_wconf 87' lang='lat' dir='ltr'><strong>quod</strong></span> <span class='ocrx_word' id='word_1_105' title='bbox 2047 1038 2165 1079; x_wconf 88' lang='lat' dir='ltr'><strong>aqua</strong></span> 
     </span>
     <span class='ocr_line' id='line_1_18' title="bbox 510 1097 2166 1151; baseline -0.001 -12"><span class='ocrx_word' id='word_1_106' title='bbox 510 1099 721 1139; x_wconf 90' lang='lat' dir='ltr'><strong>australis</strong></span> <span class='ocrx_word' id='word_1_107' title='bbox 755 1099 899 1150; x_wconf 82' lang='lat' dir='ltr'><strong>stagni</strong></span> <span class='ocrx_word' id='word_1_108' title='bbox 934 1098 1068 1138; x_wconf 91' lang='lat' dir='ltr'><strong>altior</strong></span> <span class='ocrx_word' id='word_1_109' title='bbox 1101 1101 1216 1138; x_wconf 89' lang='lat' dir='ltr'><strong>esset</strong></span> <span class='ocrx_word' id='word_1_110' title='bbox 1250 1111 1342 1138; x_wconf 93' lang='lat' dir='ltr'><strong>uno</strong></span> <span class='ocrx_word' id='word_1_111' title='bbox 1375 1097 1530 1138; x_wconf 91' lang='lat' dir='ltr'><strong>cubito</strong></span> <span class='ocrx_word' id='word_1_112' title='bbox 1563 1111 1701 1150; x_wconf 81' lang='lat' dir='ltr'><strong>quarn</strong></span> <span class='ocrx_word' id='word_1_113' title='bbox 1737 1097 2034 1151; x_wconf 85' lang='lat' dir='ltr'><strong>aquilonaris,</strong></span> <span class='ocrx_word' id='word_1_114' title='bbox 2073 1111 2166 1151; x_wconf 88' lang='lat' dir='ltr'><strong>per-</strong></span> 
     </span>
     <span class='ocr_line' id='line_1_19' title="bbox 510 1171 2165 1226; baseline -0.001 -14"><span class='ocrx_word' id='word_1_115' title='bbox 510 1173 759 1226; x_wconf 84' lang='lat' dir='ltr'><strong>pendentes</strong></span> <span class='ocrx_word' id='word_1_116' title='bbox 815 1184 869 1211; x_wconf 79' lang='lat' dir='ltr'><strong>ex</strong></span> <span class='ocrx_word' id='word_1_117' title='bbox 916 1172 1003 1211; x_wconf 89' lang='lat' dir='ltr'><strong>hoc</strong></span> <span class='ocrx_word' id='word_1_118' title='bbox 1050 1171 1105 1210; x_wconf 90' lang='lat' dir='ltr'><strong>ad</strong></span> <span class='ocrx_word' id='word_1_119' title='bbox 1155 1171 1362 1210; x_wconf 91' lang='lat' dir='ltr'><strong>diuersas</strong></span> <span class='ocrx_word' id='word_1_120' title='bbox 1410 1172 1700 1211; x_wconf 83' lang='lat' dir='ltr'><strong>necessitates</strong></span> <span class='ocrx_word' id='word_1_121' title='bbox 1749 1183 1856 1210; x_wconf 90' lang='lat' dir='ltr'><strong>suas</strong></span> <span class='ocrx_word' id='word_1_122' title='bbox 1902 1183 2073 1224; x_wconf 85' lang='lat' dir='ltr'><strong>aquarn</strong></span> <span class='ocrx_word' id='word_1_123' title='bbox 2121 1184 2165 1211; x_wconf 90' lang='lat' dir='ltr'><strong>se</strong></span> 
     </span>
     <span class='ocr_line' id='line_1_20' title="bbox 512 1243 2165 1296; baseline -0.002 -10"><span class='ocrx_word' id='word_1_124' title='bbox 512 1245 765 1293; x_wconf 85' lang='lat' dir='ltr'><strong>habituros,</strong></span> <span class='ocrx_word' id='word_1_125' title='bbox 808 1248 849 1284; x_wconf 90' lang='lat' dir='ltr'><strong>et</strong></span> <span class='ocrx_word' id='word_1_126' title='bbox 883 1256 1122 1296; x_wconf 88' lang='lat' dir='ltr'><strong>nunquam</strong></span> <span class='ocrx_word' id='word_1_127' title='bbox 1156 1243 1201 1283; x_wconf 93' lang='lat' dir='ltr'><strong>in</strong></span> <span class='ocrx_word' id='word_1_128' title='bbox 1237 1247 1508 1296; x_wconf 90' lang='lat' dir='ltr'><strong>perpetuum</strong></span> <span class='ocrx_word' id='word_1_129' title='bbox 1543 1243 1603 1283; x_wconf 93' lang='lat' dir='ltr'><strong>ibi</strong></span> <span class='ocrx_word' id='word_1_130' title='bbox 1638 1244 1808 1284; x_wconf 89' lang='lat' dir='ltr'><strong>deesse.</strong></span> <span class='ocrx_word' id='word_1_131' title='bbox 1872 1244 2027 1284; x_wconf 91' lang='lat' dir='ltr'><strong>Gauisi</strong></span> <span class='ocrx_word' id='word_1_132' title='bbox 2062 1255 2165 1296; x_wconf 91' lang='lat' dir='ltr'><strong>ergo</strong></span> 
     </span>
     <span class='ocr_line' id='line_1_21' title="bbox 511 1316 2165 1370; baseline -0.001 -11"><span class='ocrx_word' id='word_1_133' title='bbox 511 1320 566 1359; x_wconf 93' lang='lat' dir='ltr'><strong>de</strong></span> <span class='ocrx_word' id='word_1_134' title='bbox 604 1318 883 1367; x_wconf 79' lang='lat' dir='ltr'><strong>inuentione,</strong></span> <span class='ocrx_word' id='word_1_135' title='bbox 932 1316 1246 1369; x_wconf 89' lang='lat' dir='ltr'><strong>possessiones</strong></span> <span class='ocrx_word' id='word_1_136' title='bbox 1285 1329 1406 1365; x_wconf 89' lang='lat' dir='ltr'><strong>suas,</strong></span> <span class='ocrx_word' id='word_1_137' title='bbox 1453 1329 1541 1370; x_wconf 86' lang='lat' dir='ltr'><strong>que</strong></span> <span class='ocrx_word' id='word_1_138' title='bbox 1580 1316 1713 1368; x_wconf 89' lang='lat' dir='ltr'><strong>longe</strong></span> <span class='ocrx_word' id='word_1_139' title='bbox 1752 1317 1932 1370; x_wconf 90' lang='lat' dir='ltr'><strong>lateque</strong></span> <span class='ocrx_word' id='word_1_140' title='bbox 1965 1317 2165 1370; x_wconf 86' lang='lat' dir='ltr'><strong>disperse</strong></span> 
     </span>
     <span class='ocr_line' id='line_1_22' title="bbox 512 1389 2162 1449; baseline -0.001 -18"><span class='ocrx_word' id='word_1_141' title='bbox 512 1395 652 1439; x_wconf 77' lang='lat' dir='ltr'><strong>erant7</strong></span> <span class='ocrx_word' id='word_1_142' title='bbox 700 1391 953 1430; x_wconf 89' lang='lat' dir='ltr'><strong>uendentes</strong></span> <span class='ocrx_word' id='word_1_143' title='bbox 995 1394 1035 1429; x_wconf 91' lang='lat' dir='ltr'><strong>et</strong></span> <span class='ocrx_word' id='word_1_144' title='bbox 1077 1389 1123 1428; x_wconf 91' lang='lat' dir='ltr'><strong>in</strong></span> <span class='ocrx_word' id='word_1_145' title='bbox 1166 1389 1374 1442; x_wconf 87' lang='lat' dir='ltr'><strong>predium</strong></span> <span class='ocrx_word' id='word_1_146' title='bbox 1418 1390 1674 1442; x_wconf 90' lang='lat' dir='ltr'><strong>predictum</strong></span> <span class='ocrx_word' id='word_1_147' title='bbox 1709 1393 2061 1449; x_wconf 83' lang='lat' dir='ltr'><strong>commutantes,</strong></span> <span class='ocrx_word' id='word_1_148' title='bbox 2109 1390 2162 1429; x_wconf 83' lang='lat' dir='ltr'><strong>ad</strong></span> 
     </span>
     <span class='ocr_line' id='line_1_23' title="bbox 511 1462 1918 1504; baseline -0.002 0"><span class='ocrx_word' id='word_1_149' title='bbox 511 1465 752 1504; x_wconf 86' lang='lat' dir='ltr'><strong>inuentum</strong></span> <span class='ocrx_word' id='word_1_150' title='bbox 787 1464 939 1503; x_wconf 89' lang='lat' dir='ltr'><strong>locum</strong></span> <span class='ocrx_word' id='word_1_151' title='bbox 973 1462 1062 1502; x_wconf 90' lang='lat' dir='ltr'><strong>cito</strong></span> <span class='ocrx_word' id='word_1_152' title='bbox 1096 1462 1251 1502; x_wconf 90' lang='lat' dir='ltr'><strong>uenire</strong></span> <span class='ocrx_word' id='word_1_153' title='bbox 1283 1462 1389 1502; x_wconf 89' lang='lat' dir='ltr'><strong>totis</strong></span> <span class='ocrx_word' id='word_1_154' title='bbox 1422 1462 1599 1502; x_wconf 89' lang='lat' dir='ltr'><strong>uiribus</strong></span> <span class='ocrx_word' id='word_1_155' title='bbox 1632 1462 1918 1502; x_wconf 84' lang='lat' dir='ltr'><strong>laborabant.</strong></span> 
     </span>
    </p>
   </div>
   <div class='ocr_carea' id='block_1_8' title="bbox 1240 1646 1449 1692">
    <p class='ocr_par' dir='ltr' id='par_1_8' title="bbox 1240 1646 1449 1692">
     <span class='ocr_line' id='line_1_24' title="bbox 1240 1646 1449 1692; baseline 0.005 -11"><span class='ocrx_word' id='word_1_156' title='bbox 1240 1646 1337 1692; x_wconf 89' lang='lat' dir='ltr'><strong>Cap.</strong></span> <span class='ocrx_word' id='word_1_157' title='bbox 1370 1646 1449 1682; x_wconf 87' lang='lat' dir='ltr'><strong>XX.</strong></span> 
     </span>
    </p>
   </div>
   <div class='ocr_carea' id='block_1_9' title="bbox 1081 1726 1600 1763">
    <p class='ocr_par' dir='ltr' id='par_1_9' title="bbox 1081 1726 1600 1763">
     <span class='ocr_line' id='line_1_25' title="bbox 1081 1726 1600 1763; baseline 0.002 -1"><span class='ocrx_word' id='word_1_158' title='bbox 1081 1727 1139 1762; x_wconf 91' lang='lat' dir='ltr'><strong>De</strong></span> <span class='ocrx_word' id='word_1_159' title='bbox 1172 1726 1337 1762; x_wconf 89' lang='lat' dir='ltr'><strong>uisione</strong></span> <span class='ocrx_word' id='word_1_160' title='bbox 1368 1727 1600 1763; x_wconf 81' lang='lat' dir='ltr'><strong>cuiusdam.</strong></span> 
     </span>
    </p>
   </div>
   <div class='ocr_carea' id='block_1_10' title="bbox 513 1799 2169 2975">
    <p class='ocr_par' dir='ltr' id='par_1_10' title="bbox 513 1799 2169 2975">
     <span class='ocr_line' id='line_1_26' title="bbox 607 1799 2167 1894; baseline -0.001 -21"><span class='ocrx_word' id='word_1_161' title='bbox 607 1799 840 1894; x_wconf 77' lang='lat' dir='ltr'><strong>Quidam</strong></span> <span class='ocrx_word' id='word_1_162' title='bbox 896 1836 1048 1872; x_wconf 88' lang='lat' dir='ltr'><strong>autem</strong></span> <span class='ocrx_word' id='word_1_163' title='bbox 1105 1832 1160 1872; x_wconf 92' lang='lat' dir='ltr'><strong>de</strong></span> <span class='ocrx_word' id='word_1_164' title='bbox 1214 1831 1389 1872; x_wconf 89' lang='lat' dir='ltr'><strong>colonis</strong></span> <span class='ocrx_word' id='word_1_165' title='bbox 1442 1832 1758 1885; x_wconf 90' lang='lat' dir='ltr'><strong>possessiones</strong></span> <span class='ocrx_word' id='word_1_166' title='bbox 1813 1845 1920 1873; x_wconf 91' lang='lat' dir='ltr'><strong>suas</strong></span> <span class='ocrx_word' id='word_1_167' title='bbox 1976 1832 2167 1872; x_wconf 90' lang='lat' dir='ltr'><strong>libenter</strong></span> 
     </span>
     <span class='ocr_line' id='line_1_27' title="bbox 513 1904 2166 1958; baseline -0.001 -11"><span class='ocrx_word' id='word_1_168' title='bbox 513 1907 796 1955; x_wconf 65' lang='lat' dir='ltr'><strong>uendebantg</strong></span> <span class='ocrx_word' id='word_1_169' title='bbox 831 1905 903 1958; x_wconf 89' lang='lat' dir='ltr'><strong>alij</strong></span> <span class='ocrx_word' id='word_1_170' title='bbox 940 1918 1063 1955; x_wconf 89' lang='lat' dir='ltr'><strong>uero,</strong></span> <span class='ocrx_word' id='word_1_171' title='bbox 1097 1905 1175 1958; x_wconf 86' lang='lat' dir='ltr'><strong>qui</strong></span> <span class='ocrx_word' id='word_1_172' title='bbox 1208 1905 1394 1945; x_wconf 87' lang='lat' dir='ltr'><strong>ditiores</strong></span> <span class='ocrx_word' id='word_1_173' title='bbox 1429 1909 1571 1957; x_wconf 88' lang='lat' dir='ltr'><strong>erant,</strong></span> <span class='ocrx_word' id='word_1_174' title='bbox 1605 1905 1739 1945; x_wconf 88' lang='lat' dir='ltr'><strong>ualde</strong></span> <span class='ocrx_word' id='word_1_175' title='bbox 1769 1904 1980 1945; x_wconf 81' lang='lat' dir='ltr'><strong>difficiles</strong></span> <span class='ocrx_word' id='word_1_176' title='bbox 2005 1904 2166 1945; x_wconf 82' lang='lat' dir='ltr'><strong>efficie-</strong></span> 
     </span>
     <span class='ocr_line' id='line_1_28' title="bbox 514 1966 2165 2031; baseline -0.002 -11"><span class='ocrx_word' id='word_1_177' title='bbox 514 1981 691 2020; x_wconf 84' lang='lat' dir='ltr'><strong>bantur¹</strong></span> <span class='ocrx_word' id='word_1_178' title='bbox 771 1979 900 2019; x_wconf 91' lang='lat' dir='ltr'><strong>Vnde</strong></span> <span class='ocrx_word' id='word_1_179' title='bbox 947 1991 1092 2018; x_wconf 91' lang='lat' dir='ltr'><strong>unum</strong></span> <span class='ocrx_word' id='word_1_180' title='bbox 1142 1966 1463 2030; x_wconf 85' lang='lat' dir='ltr'><strong>memorabile,</strong></span> <span class='ocrx_word' id='word_1_181' title='bbox 1511 1979 1633 2031; x_wconf 88' lang='lat' dir='ltr'><strong>quod</strong></span> <span class='ocrx_word' id='word_1_182' title='bbox 1681 1978 1868 2030; x_wconf 87' lang='lat' dir='ltr'><strong>accidit,</strong></span> <span class='ocrx_word' id='word_1_183' title='bbox 1916 1991 2006 2018; x_wconf 92' lang='lat' dir='ltr'><strong>non</strong></span> <span class='ocrx_word' id='word_1_184' title='bbox 2057 1981 2165 2031; x_wconf 90' lang='lat' dir='ltr'><strong>puto</strong></span> 
     </span>
     <span class='ocr_line' id='line_1_29' title="bbox 513 2051 2166 2104; baseline -0.002 -11"><span class='ocrx_word' id='word_1_185' title='bbox 513 2052 810 2093; x_wconf 86' lang='lat' dir='ltr'><strong>reticendum.</strong></span> <span class='ocrx_word' id='word_1_186' title='bbox 874 2051 980 2091; x_wconf 88' lang='lat' dir='ltr'><strong>Fuit</strong></span> <span class='ocrx_word' id='word_1_187' title='bbox 1019 2051 1161 2091; x_wconf 88' lang='lat' dir='ltr'><strong>homo</strong></span> <span class='ocrx_word' id='word_1_188' title='bbox 1202 2051 1391 2104; x_wconf 89' lang='lat' dir='ltr'><strong>quidam</strong></span> <span class='ocrx_word' id='word_1_189' title='bbox 1432 2051 1576 2104; x_wconf 91' lang='lat' dir='ltr'><strong>diues,</strong></span> <span class='ocrx_word' id='word_1_190' title='bbox 1619 2064 1757 2091; x_wconf 78' lang='lat' dir='ltr'><strong>senex</strong></span> <span class='ocrx_word' id='word_1_191' title='bbox 1799 2055 1841 2091; x_wconf 91' lang='lat' dir='ltr'><strong>et</strong></span> <span class='ocrx_word' id='word_1_192' title='bbox 1872 2051 1987 2091; x_wconf 87' lang='lat' dir='ltr'><strong>bene</strong></span> <span class='ocrx_word' id='word_1_193' title='bbox 2020 2054 2166 2098; x_wconf 85' lang='lat' dir='ltr'><strong>natus,</strong></span> 
     </span>
     <span class='ocr_line' id='line_1_30' title="bbox 514 2122 2165 2179; baseline -0.001 -14"><span class='ocrx_word' id='word_1_194' title='bbox 514 2125 598 2179; x_wconf 86' lang='lat' dir='ltr'><strong>Api</strong></span> <span class='ocrx_word' id='word_1_195' title='bbox 648 2126 857 2170; x_wconf 85' lang='lat' dir='ltr'><strong>nomine,</strong></span> <span class='ocrx_word' id='word_1_196' title='bbox 905 2128 1211 2176; x_wconf 86' lang='lat' dir='ltr'><strong>cognomento</strong></span> <span class='ocrx_word' id='word_1_197' title='bbox 1262 2124 1393 2175; x_wconf 89' lang='lat' dir='ltr'><strong>Hals,</strong></span> <span class='ocrx_word' id='word_1_198' title='bbox 1449 2124 1527 2177; x_wconf 89' lang='lat' dir='ltr'><strong>qui</strong></span> <span class='ocrx_word' id='word_1_199' title='bbox 1575 2137 1659 2164; x_wconf 90' lang='lat' dir='ltr'><strong>nec</strong></span> <span class='ocrx_word' id='word_1_200' title='bbox 1706 2136 1838 2177; x_wconf 86' lang='lat' dir='ltr'><strong>prece</strong></span> <span class='ocrx_word' id='word_1_201' title='bbox 1885 2136 1969 2164; x_wconf 89' lang='lat' dir='ltr'><strong>nec</strong></span> <span class='ocrx_word' id='word_1_202' title='bbox 2015 2122 2165 2176; x_wconf 87' lang='lat' dir='ltr'><strong>precio</strong></span> 
     </span>
     <span class='ocr_line' id='line_1_31' title="bbox 514 2195 2168 2251; baseline -0.002 -13"><span class='ocrx_word' id='word_1_203' title='bbox 514 2197 793 2251; x_wconf 79' lang='lat' dir='ltr'><strong>coemptioni</strong></span> <span class='ocrx_word' id='word_1_204' title='bbox 840 2197 1129 2251; x_wconf 85' lang='lat' dir='ltr'><strong>acquiescere</strong></span> <span class='ocrx_word' id='word_1_205' title='bbox 1173 2196 1331 2237; x_wconf 90' lang='lat' dir='ltr'><strong>uoluit.</strong></span> <span class='ocrx_word' id='word_1_206' title='bbox 1404 2197 1490 2237; x_wconf 88' lang='lat' dir='ltr'><strong>Hic</strong></span> <span class='ocrx_word' id='word_1_207' title='bbox 1536 2197 1690 2250; x_wconf 88' lang='lat' dir='ltr'><strong>itaque</strong></span> <span class='ocrx_word' id='word_1_208' title='bbox 1736 2197 1781 2236; x_wconf 88' lang='lat' dir='ltr'><strong>in</strong></span> <span class='ocrx_word' id='word_1_209' title='bbox 1832 2197 2006 2237; x_wconf 90' lang='lat' dir='ltr'><strong>somnis</strong></span> <span class='ocrx_word' id='word_1_210' title='bbox 2054 2195 2168 2236; x_wconf 85' lang='lat' dir='ltr'><strong>uidit</strong></span> 
     </span>
     <span class='ocr_line' id='line_1_32' title="bbox 515 2269 2165 2321; baseline -0.002 -10"><span class='ocrx_word' id='word_1_211' title='bbox 515 2270 753 2311; x_wconf 89' lang='lat' dir='ltr'><strong>ecclesiam</strong></span> <span class='ocrx_word' id='word_1_212' title='bbox 808 2269 921 2310; x_wconf 86' lang='lat' dir='ltr'><strong>mire</strong></span> <span class='ocrx_word' id='word_1_213' title='bbox 976 2269 1307 2321; x_wconf 81' lang='lat' dir='ltr'><strong>magnitudinis</strong></span> <span class='ocrx_word' id='word_1_214' title='bbox 1362 2273 1403 2309; x_wconf 91' lang='lat' dir='ltr'><strong>et</strong></span> <span class='ocrx_word' id='word_1_215' title='bbox 1456 2269 1611 2321; x_wconf 90' lang='lat' dir='ltr'><strong>magni</strong></span> <span class='ocrx_word' id='word_1_216' title='bbox 1660 2270 1859 2321; x_wconf 88' lang='lat' dir='ltr'><strong>decoris,</strong></span> <span class='ocrx_word' id='word_1_217' title='bbox 1921 2269 2165 2309; x_wconf 87' lang='lat' dir='ltr'><strong>habentem</strong></span> 
     </span>
     <span class='ocr_line' id='line_1_33' title="bbox 514 2340 2165 2395; baseline -0.002 -11"><span class='ocrx_word' id='word_1_218' title='bbox 514 2344 708 2384; x_wconf 89' lang='lat' dir='ltr'><strong>chorum</strong></span> <span class='ocrx_word' id='word_1_219' title='bbox 743 2342 1036 2395; x_wconf 88' lang='lat' dir='ltr'><strong>psallentium</strong></span> <span class='ocrx_word' id='word_1_220' title='bbox 1071 2347 1112 2383; x_wconf 90' lang='lat' dir='ltr'><strong>et</strong></span> <span class='ocrx_word' id='word_1_221' title='bbox 1142 2346 1315 2382; x_wconf 86' lang='lat' dir='ltr'><strong>turrem</strong></span> <span class='ocrx_word' id='word_1_222' title='bbox 1348 2342 1394 2382; x_wconf 91' lang='lat' dir='ltr'><strong>in</strong></span> <span class='ocrx_word' id='word_1_223' title='bbox 1428 2342 1575 2383; x_wconf 89' lang='lat' dir='ltr'><strong>celum</strong></span> <span class='ocrx_word' id='word_1_224' title='bbox 1611 2346 1822 2394; x_wconf 86' lang='lat' dir='ltr'><strong>erectam,</strong></span> <span class='ocrx_word' id='word_1_225' title='bbox 1855 2342 1900 2382; x_wconf 93' lang='lat' dir='ltr'><strong>in</strong></span> <span class='ocrx_word' id='word_1_226' title='bbox 1933 2343 2048 2393; x_wconf 92' lang='lat' dir='ltr'><strong>loco,</strong></span> <span class='ocrx_word' id='word_1_227' title='bbox 2088 2340 2165 2381; x_wconf 88' lang='lat' dir='ltr'><strong>ubi</strong></span> 
     </span>
     <span class='ocr_line' id='line_1_34' title="bbox 515 2415 2167 2469; baseline -0.001 -14"><span class='ocrx_word' id='word_1_228' title='bbox 515 2429 639 2456; x_wconf 92' lang='lat' dir='ltr'><strong>nunc</strong></span> <span class='ocrx_word' id='word_1_229' title='bbox 671 2419 737 2455; x_wconf 89' lang='lat' dir='ltr'><strong>est</strong></span> <span class='ocrx_word' id='word_1_230' title='bbox 769 2415 1116 2467; x_wconf 89' lang='lat' dir='ltr'><strong>monasterium,</strong></span> <span class='ocrx_word' id='word_1_231' title='bbox 1156 2419 1402 2469; x_wconf 85' lang='lat' dir='ltr'><strong>antequam</strong></span> <span class='ocrx_word' id='word_1_232' title='bbox 1437 2415 1685 2469; x_wconf 90' lang='lat' dir='ltr'><strong>quicquam</strong></span> <span class='ocrx_word' id='word_1_233' title='bbox 1722 2415 1783 2455; x_wconf 89' lang='lat' dir='ltr'><strong>ibi</strong></span> <span class='ocrx_word' id='word_1_234' title='bbox 1816 2418 2167 2462; x_wconf 78' lang='lat' dir='ltr'><strong>construeretur,</strong></span> 
     </span>
     <span class='ocr_line' id='line_1_35' title="bbox 515 2480 2168 2540; baseline -0.002 -12"><span class='ocrx_word' id='word_1_235' title='bbox 515 2493 556 2528; x_wconf 89' lang='lat' dir='ltr'><strong>et</strong></span> <span class='ocrx_word' id='word_1_236' title='bbox 589 2489 768 2528; x_wconf 85' lang='lat' dir='ltr'><strong>beatam</strong></span> <span class='ocrx_word' id='word_1_237' title='bbox 803 2488 873 2528; x_wconf 90' lang='lat' dir='ltr'><strong>dei</strong></span> <span class='ocrx_word' id='word_1_238' title='bbox 908 2487 1171 2540; x_wconf 88' lang='lat' dir='ltr'><strong>genitricem</strong></span> <span class='ocrx_word' id='word_1_239' title='bbox 1199 2487 1393 2527; x_wconf 89' lang='lat' dir='ltr'><strong>Mariam</strong></span> <span class='ocrx_word' id='word_1_240' title='bbox 1419 2480 1598 2527; x_wconf 91' lang='lat' dir='ltr'><strong>audiuit</strong></span> <span class='ocrx_word' id='word_1_241' title='bbox 1630 2487 1822 2528; x_wconf 90' lang='lat' dir='ltr'><strong>celerem</strong></span> <span class='ocrx_word' id='word_1_242' title='bbox 1855 2491 2048 2528; x_wconf 87' lang='lat' dir='ltr'><strong>mortem</strong></span> <span class='ocrx_word' id='word_1_243' title='bbox 2082 2485 2168 2527; x_wconf 89' lang='lat' dir='ltr'><strong>sibi</strong></span> 
     </span>
     <span class='ocr_line' id='line_1_36' title="bbox 516 2559 2166 2613; baseline -0.001 -13"><span class='ocrx_word' id='word_1_244' title='bbox 516 2561 784 2612; x_wconf 88' lang='lat' dir='ltr'><strong>minantem,</strong></span> <span class='ocrx_word' id='word_1_245' title='bbox 824 2561 860 2600; x_wconf 92' lang='lat' dir='ltr'><strong>si</strong></span> <span class='ocrx_word' id='word_1_246' title='bbox 893 2562 947 2600; x_wconf 90' lang='lat' dir='ltr'><strong>de</strong></span> <span class='ocrx_word' id='word_1_247' title='bbox 981 2560 1271 2613; x_wconf 91' lang='lat' dir='ltr'><strong>coemptione</strong></span> <span class='ocrx_word' id='word_1_248' title='bbox 1303 2560 1422 2600; x_wconf 89' lang='lat' dir='ltr'><strong>ultra</strong></span> <span class='ocrx_word' id='word_1_249' title='bbox 1455 2572 1613 2600; x_wconf 89' lang='lat' dir='ltr'><strong>seruos</strong></span> <span class='ocrx_word' id='word_1_250' title='bbox 1647 2573 1755 2600; x_wconf 89' lang='lat' dir='ltr'><strong>suos</strong></span> <span class='ocrx_word' id='word_1_251' title='bbox 1787 2561 1974 2600; x_wconf 88' lang='lat' dir='ltr'><strong>auderet</strong></span> <span class='ocrx_word' id='word_1_252' title='bbox 2007 2559 2166 2600; x_wconf 88' lang='lat' dir='ltr'><strong>contri-</strong></span> 
     </span>
     <span class='ocr_line' id='line_1_37' title="bbox 516 2632 2167 2685; baseline -0.001 -12"><span class='ocrx_word' id='word_1_253' title='bbox 516 2637 646 2673; x_wconf 86' lang='lat' dir='ltr'><strong>stare.</strong></span> <span class='ocrx_word' id='word_1_254' title='bbox 712 2633 949 2684; x_wconf 88' lang='lat' dir='ltr'><strong>Euigilans</strong></span> <span class='ocrx_word' id='word_1_255' title='bbox 989 2644 1108 2685; x_wconf 88' lang='lat' dir='ltr'><strong>ergo,</strong></span> <span class='ocrx_word' id='word_1_256' title='bbox 1156 2643 1323 2684; x_wconf 85' lang='lat' dir='ltr'><strong>magno</strong></span> <span class='ocrx_word' id='word_1_257' title='bbox 1364 2632 1528 2673; x_wconf 90' lang='lat' dir='ltr'><strong>timore</strong></span> <span class='ocrx_word' id='word_1_258' title='bbox 1569 2633 1781 2673; x_wconf 85' lang='lat' dir='ltr'><strong>turbatus</strong></span> <span class='ocrx_word' id='word_1_259' title='bbox 1828 2637 1867 2672; x_wconf 90' lang='lat' dir='ltr'><strong>et</strong></span> <span class='ocrx_word' id='word_1_260' title='bbox 1915 2632 2167 2683; x_wconf 90' lang='lat' dir='ltr'><strong>intelligens</strong></span> 
     </span>
     <span class='ocr_line' id='line_1_38' title="bbox 516 2705 2167 2758; baseline -0.001 -13"><span class='ocrx_word' id='word_1_261' title='bbox 516 2706 685 2745; x_wconf 89' lang='lat' dir='ltr'><strong>durum</strong></span> <span class='ocrx_word' id='word_1_262' title='bbox 718 2718 815 2745; x_wconf 90' lang='lat' dir='ltr'><strong>esse</strong></span> <span class='ocrx_word' id='word_1_263' title='bbox 848 2710 1005 2745; x_wconf 92' lang='lat' dir='ltr'><strong>contra</strong></span> <span class='ocrx_word' id='word_1_264' title='bbox 1041 2705 1278 2744; x_wconf 89' lang='lat' dir='ltr'><strong>stimulum</strong></span> <span class='ocrx_word' id='word_1_265' title='bbox 1312 2705 1560 2756; x_wconf 86' lang='lat' dir='ltr'><strong>calcitrare,</strong></span> <span class='ocrx_word' id='word_1_266' title='bbox 1608 2705 1946 2745; x_wconf 88' lang='lat' dir='ltr'><strong>dissuasionem</strong></span> <span class='ocrx_word' id='word_1_267' title='bbox 1987 2716 2167 2758; x_wconf 85' lang='lat' dir='ltr'><strong>quoque</strong></span> 
     </span>
     <span class='ocr_line' id='line_1_39' title="bbox 519 2775 2169 2831; baseline -0.002 -14"><span class='ocrx_word' id='word_1_268' title='bbox 519 2782 560 2817; x_wconf 93' lang='lat' dir='ltr'><strong>et</strong></span> <span class='ocrx_word' id='word_1_269' title='bbox 592 2778 732 2818; x_wconf 88' lang='lat' dir='ltr'><strong>uerba</strong></span> <span class='ocrx_word' id='word_1_270' title='bbox 764 2777 989 2817; x_wconf 88' lang='lat' dir='ltr'><strong>irrisionis</strong></span> <span class='ocrx_word' id='word_1_271' title='bbox 1019 2775 1030 2831; x_wconf 61' lang='lat' dir='ltr'><strong>l}</strong></span> <span class='ocrx_word' id='word_1_272' title='bbox 1066 2777 1217 2817; x_wconf 81' lang='lat' dir='ltr'><strong>uxoris</strong></span> <span class='ocrx_word' id='word_1_273' title='bbox 1251 2790 1331 2817; x_wconf 88' lang='lat' dir='ltr'><strong>sue</strong></span> <span class='ocrx_word' id='word_1_274' title='bbox 1364 2783 1405 2817; x_wconf 91' lang='lat' dir='ltr'><strong>et</strong></span> <span class='ocrx_word' id='word_1_275' title='bbox 1437 2778 1648 2829; x_wconf 91' lang='lat' dir='ltr'><strong>aliorum,</strong></span> <span class='ocrx_word' id='word_1_276' title='bbox 1695 2777 1865 2831; x_wconf 91' lang='lat' dir='ltr'><strong>quibus</strong></span> <span class='ocrx_word' id='word_1_277' title='bbox 1905 2778 2169 2818; x_wconf 88' lang='lat' dir='ltr'><strong>narrauerat</strong></span> 
     </span>
     <span class='ocr_line' id='line_1_40' title="bbox 517 2849 2168 2903; baseline -0.001 -13"><span class='ocrx_word' id='word_1_278' title='bbox 517 2849 760 2901; x_wconf 89' lang='lat' dir='ltr'><strong>uisionem,</strong></span> <span class='ocrx_word' id='word_1_279' title='bbox 793 2850 1172 2903; x_wconf 89' lang='lat' dir='ltr'><strong>paruipendendo</strong></span> <span class='ocrx_word' id='word_1_280' title='bbox 1206 2850 1477 2903; x_wconf 88' lang='lat' dir='ltr'><strong>despiciens,</strong></span> <span class='ocrx_word' id='word_1_281' title='bbox 1510 2850 1658 2890; x_wconf 91' lang='lat' dir='ltr'><strong>diuini</strong></span> <span class='ocrx_word' id='word_1_282' title='bbox 1689 2849 1868 2890; x_wconf 89' lang='lat' dir='ltr'><strong>timoris</strong></span> <span class='ocrx_word' id='word_1_283' title='bbox 1900 2850 2102 2903; x_wconf 87' lang='lat' dir='ltr'><strong>impulsu</strong></span> <span class='ocrx_word' id='word_1_284' title='bbox 2128 2851 2168 2888; x_wconf 83' lang='lat' dir='ltr'><strong>et</strong></span> 
     </span>
     <span class='ocr_line' id='line_1_41' title="bbox 516 2920 2167 2975; baseline -0.001 -14"><span class='ocrx_word' id='word_1_285' title='bbox 516 2922 771 2962; x_wconf 89' lang='lat' dir='ltr'><strong>reuerentia</strong></span> <span class='ocrx_word' id='word_1_286' title='bbox 805 2922 934 2963; x_wconf 88' lang='lat' dir='ltr'><strong>beate</strong></span> <span class='ocrx_word' id='word_1_287' title='bbox 968 2922 1123 2974; x_wconf 90' lang='lat' dir='ltr'><strong>Marie,</strong></span> <span class='ocrx_word' id='word_1_288' title='bbox 1171 2923 1295 2975; x_wconf 90' lang='lat' dir='ltr'><strong>quod</strong></span> <span class='ocrx_word' id='word_1_289' title='bbox 1329 2922 1455 2975; x_wconf 91' lang='lat' dir='ltr'><strong>prius</strong></span> <span class='ocrx_word' id='word_1_290' title='bbox 1488 2923 1739 2975; x_wconf 90' lang='lat' dir='ltr'><strong>petebatur,</strong></span> <span class='ocrx_word' id='word_1_291' title='bbox 1779 2922 1876 2975; x_wconf 90' lang='lat' dir='ltr'><strong>ipse</strong></span> <span class='ocrx_word' id='word_1_292' title='bbox 1915 2922 2033 2962; x_wconf 89' lang='lat' dir='ltr'><strong>ultro</strong></span> <span class='ocrx_word' id='word_1_293' title='bbox 2073 2920 2167 2962; x_wconf 88' lang='lat' dir='ltr'><strong>sine</strong></span> 
     </span>
    </p>
   </div>
   <div class='ocr_carea' id='block_1_11' title="bbox 524 3001 2147 3005">
    <p class='ocr_par' dir='ltr' id='par_1_11' title="bbox 524 3001 2147 3005">
     <span class='ocr_line' id='line_1_42' title="bbox 524 3001 2147 3005; baseline 0 0"><span class='ocrx_word' id='word_1_294' title='bbox 524 3001 2147 3005; x_wconf 95' lang='lat' dir='ltr'><strong> </strong></span> 
     </span>
    </p>
   </div>
   <div class='ocr_carea' id='block_1_12' title="bbox 605 3047 2167 3097">
    <p class='ocr_par' dir='ltr' id='par_1_12' title="bbox 605 3047 2167 3097">
     <span class='ocr_line' id='line_1_43' title="bbox 605 3047 2167 3097; baseline -0.001 -11"><span class='ocrx_word' id='word_1_295' title='bbox 605 3050 781 3086; x_wconf 80' lang='lat'>28—29.</span> <span class='ocrx_word' id='word_1_296' title='bbox 805 3047 1058 3087; x_wconf 54' lang='lat' dir='ltr'><strong>stminantem</strong></span> <span class='ocrx_word' id='word_1_297' title='bbox 1081 3047 1185 3087; x_wconf 78' lang='lat' dir='ltr'><strong>s·sibi</strong></span> <span class='ocrx_word' id='word_1_298' title='bbox 1206 3051 1249 3090; x_wconf 86' lang='lat' dir='ltr'><strong>C.</strong></span> <span class='ocrx_word' id='word_1_299' title='bbox 1311 3051 1374 3086; x_wconf 88' lang='lat'><strong>31.</strong></span> <span class='ocrx_word' id='word_1_300' title='bbox 1407 3051 1560 3087; x_wconf 89' lang='lat' dir='ltr'><strong>durum</strong></span> <span class='ocrx_word' id='word_1_301' title='bbox 1581 3081 1587 3087; x_wconf 84' lang='lat'><strong>.</strong></span> <span class='ocrx_word' id='word_1_302' title='bbox 1607 3081 1612 3087; x_wconf 96' lang='lat'>.</span> <span class='ocrx_word' id='word_1_303' title='bbox 1631 3051 1867 3087; x_wconf 89' lang='lat' dir='ltr'><strong>calcitrare:</strong></span> <span class='ocrx_word' id='word_1_304' title='bbox 1898 3051 1981 3088; x_wconf 82' lang='lat' dir='ltr'><strong>Act.</strong></span> <span class='ocrx_word' id='word_1_305' title='bbox 2001 3061 2065 3097; x_wconf 80' lang='grc' dir='ltr'><strong>αρ.</strong></span> <span class='ocrx_word' id='word_1_306' title='bbox 2084 3050 2120 3095; x_wconf 87' lang='grc'><strong>9,</strong></span> <span class='ocrx_word' id='word_1_307' title='bbox 2134 3048 2167 3084; x_wconf 88' lang='grc'><strong>5.</strong></span> 
     </span>
    </p>
   </div>
  </div>
 </body>
</html>
