2242 3551
393 1001 432 1030 10

392 1364 431 1394 15

394 2454 437 2484 30

396 2816 437 2846 35

460 208 543 246 434
803 213 1080 242 SCRIPTORES
1114 214 1341 241 H1s'ron1AE
1375 213 1552 241 DANICAE
1584 214 1784 243 Mmoasss

462 333 654 382 fecisset,
687 330 929 370 ordinante
962 327 1153 368 domino
1187 329 1243 368 ad
1276 328 1479 380 regimen
1500 329 1762 369 Lundensis
1794 331 1996 382 ecclesie,
2029 345 2117 385 que

463 405 602 445 Dacie
636 401 904 455 metropolis
937 401 1146 448 habetur,
1189 405 1458 454 assumptus
1491 405 1568 441 est.
1632 402 1695 441 Ac
1727 406 1975 456 postquam
2007 403 2119 444 iam·

461 478 638 518 dudum
681 475 950 529 prophetate
990 473 1076 513 sibi
1117 473 1350 525 dignitatis
1383 474 1567 514 culmen
1600 474 1819 525 ascendit,
1868 475 1990 516 illico
2023 477 2118 517 red-

460 550 598 591 dendi
642 548 733 590 voti
773 547 843 588 sui
882 552 1066 599 tempus
1099 547 1259 587 adesse
1291 546 1522 598 cognouit,
1568 547 1614 587 in
1656 560 1748 601 quo
1787 547 1873 588 sub
1913 548 2117 602 quinque

461 622 704 675 generibus
746 632 931 660 annone
974 619 1231 660 secundum
1276 619 1707 672 interpretacionem
1743 620 1835 661 voti
1868 621 1938 661 sui
1972 620 2119 661 diuer-

461 708 617 736 sorum
662 694 879 734 ordinum
923 691 1116 732 cenobia
1155 692 1360 745 quinque
1404 705 1449 732 se
1490 692 1793 733 fundaturum
1834 693 1987 745 regine
2034 694 2118 734 celi

461 770 725 809 deuouerat.
790 766 963 806 Nactus
994 765 1132 817 igitur
1165 768 1524 818 oportunitatem
1559 766 1614 805 de
1648 765 1836 806 remotis
1864 766 2116 807 Galliarum

461 841 681 895 partibus5
730 839 809 879 ubi
851 838 1022 879 fontem
1065 838 1297 890 religionis
1345 851 1442 878 esse
1490 842 1782 890 cognouerat,
1830 852 1922 879 non
1966 840 2114 880 solum

460 914 665 968 quinque
712 913 791 952 sed
840 911 985 952 eciam
1034 911 1187 964 plures
1236 911 1452 963 spiritalis
1505 910 1807 964 professionis
1861 916 2119 952 conuentus

460 999 654 1028 euocare
694 984 888 1033 curauit,
935 984 1053 1024 inter
1092 997 1208 1037 quos
1250 984 1395 1024 eciam
1431 983 1759 1036 Cysterciensis
1793 984 1970 1024 ordinis
2001 985 2118 1025 duos

462 1063 719 1101 conuentus
760 1057 972 1108 obtinuitq
1021 1070 1164 1097 vnum
1207 1056 1379 1096 scilicet
1418 1057 1473 1096 de
1517 1057 1616 1109 ipsa
1650 1058 1790 1097 domo
1825 1057 2042 1110 Cystercij
2077 1062 2119 1098 et

459 1135 653 1174 alterum
702 1132 757 1171 de
805 1130 1083 1180 Claraualle,
1131 1142 1340 1183 quosque
1387 1129 1433 1169 in
1483 1129 1670 1182 optimis
1716 1134 1831 1170 terre
1879 1143 1959 1170 sue
2006 1130 2119 1170 locis

459 1211 697 1259 tamquam
739 1203 850 1244 vites
885 1202 1155 1254 fructiferas7
1202 1202 1362 1243 vinum
1402 1202 1580 1242 iusticie
1613 1203 1937 1254 germinantes,
1984 1203 2118 1256 pasti-

460 1279 599 1320 nauit.
663 1278 718 1317 Vt
760 1276 881 1317 enim
917 1275 1216 1328 semetipsum
1252 1275 1447 1328 perfecte
1481 1275 1723 1316 redimeret
1756 1288 2118 1330 mensuramque

458 1353 630 1393 bonam
671 1354 711 1390 et
752 1348 1156 1402 supereffluentem
1200 1347 1405 1402 pijssime
1439 1348 1685 1388 liberatrici
1719 1361 1812 1400 sue,
1862 1348 1979 1389 sicut
2016 1362 2117 1401 pro-

460 1424 659 1475 miserat,
692 1422 988 1476 persolueret‚
1013 1420 1219 1474 quinque
1243 1421 1543 1461 cenobiorum
1572 1420 1852 1461 fundacione
1876 1425 2118 1461 contentus

459 1510 557 1538 esse
590 1495 751 1546 noluit,
794 1496 872 1535 sed
913 1494 1000 1534 alia
1034 1497 1170 1546 atque
1200 1493 1292 1533 ‘alia
1324 1497 1418 1533 tam
1452 1494 1507 1534 de
1540 1506 1624 1534 suo
1657 1506 1797 1546 quam
1831 1494 1887 1534 de
1919 1493 2116 1534 aliorum

460 1570 666 1610 fidelium
700 1569 824 1608 dono
858 1566 1032 1607 studuit
1065 1566 1291 1606 edificare.
1353 1566 1500 1606 Dabat
1533 1566 1678 1606 eciam
1713 1579 1899 1618 operam
1935 1567 2120 1619 pagani-

461 1642 563 1682 tatis
606 1641 734 1692 ritus,
781 1640 951 1693 quibus
993 1639 1146 1679 adhuc
1188 1652 1240 1679 ex
1290 1650 1454 1690 magna
1504 1642 1631 1692 parte
1678 1643 1796 1679 terra
1837 1639 1912 1679 illa
1956 1639 2117 1680 inbuta

461 1720 573 1762 erat,
632 1714 852 1754 radicitus
910 1712 1158 1765 exstirpare
1213 1716 1253 1751 et
1303 1711 1560 1752 Christiane
1616 1711 1859 1765 discipline
1910 1712 2123 1759 moribus

461 1801 621 1828 omnes
671 1785 914 1826 salubriter
962 1785 1231 1835 informare,
1288 1784 1604 1837 superbientes
1651 1789 1693 1825 et
1739 1771 2139 1837 contempnentesv

462 1861 654 1902 vlcionis
702 1871 924 1899 mucrone
967 1857 1111 1898 ferire.
1186 1858 1248 1898 Ita
1297 1857 1495 1910 denique
1543 1858 1639 1897 zelo
1688 1857 1865 1898 iusticie
1912 1862 2117 1897 armatus

463 1933 596 1974 noxia
637 1945 817 1987 queque
858 1936 898 1970 et
942 1930 1265 1983 supersticiosa
1309 1930 1547 1970 eliminare
1586 1934 1627 1970 et
1666 1929 1823 1970 omnia
1857 1930 1992 1970 saluti
2024 1930 2118 1970 ani-

462 2018 643 2046 marum
684 2005 923 2058 profutura
966 2003 1085 2055 genti
1130 2016 1210 2043 sue
1254 2002 1497 2056 prouidere
1530 2003 1778 2055 satagebat,
1823 2007 1928 2042 1113
1962 2002 2118 2042 multis

464 2082 580 2119 retro
620 2077 909 2130 temporibus
950 2077 1129 2116 nullum
1176 2076 1219 2116 in
1261 2075 1503 2129 metropoli
1545 2075 1622 2116 illa
1664 2075 1914 2115 antistitem
1948 2075 2118 2116 sedisse

463 2155 691 2204 putemus,
724 2150 803 2204 qui
837 2155 1015 2190 tantum
1048 2148 1091 2188 111
1128 2149 1318 2189 ecclesia
1351 2149 1423 2189 dei
1457 2148 1609 2189 fecerit
1641 2148 1857 2199 fructum,
1891 2151 2115 2201 quantum

462 2224 560 2276 ipse
586 2223 702 2264 fecit.
752 2223 982 2263 Dominus
1014 2225 1183 2273 autem,
1217 2221 1295 2274 qui
1328 2221 1387 2262 ob
1421 2221 1543 2261 illius
1576 2222 1801 2261 honorem
1836 2224 1877 2261 et
1909 2233 2115 2260 amorem

464 2300 627 2336 cuncta
669 2295 878 2347 faciebat,
925 2294 1117 2335 curabat
1157 2293 1258 2335 voci
1297 2293 1444 2347 ipsius
1482 2294 1591 2334 dare
1628 2305 1788 2334 vocem
1832 2293 2028 2335 virtutis:
2076 2296 2118 2332 et

464 2382 580 2422 quos
612 2369 688 2408 hic
719 2367 1027 2408 anathematis
1059 2366 1256 2406 vinculis
1287 2366 1556 2417 innodabat,
1603 2366 1700 2419 ipse
1741 2365 1932 2405 terribili
1971 2368 2117 2405 morte

464 2441 688 2481 multabat
741 2440 787 2480 in
842 2444 1043 2486 tantum,
1109 2443 1155 2478 ut
1211 2439 1472 2480 adulterum
1531 2439 1763 2491 quendam
1819 2437 2008 2478 diuitem
2065 2449 2117 2477 ac

464 2518 710 2567 potentem,
758 2526 895 2567 quem
935 2511 1212 2552 venerabilis
1253 2512 1467 2552 sacerdos
1499 2511 1544 2551 in
1579 2524 1690 2551 cena
1723 2510 1901 2551 domini
1934 2509 2117 2563 publice

464 2586 962 2636 excommunicauel·at‚
996 2584 1038 2624 in
1074 2584 1172 2637 ipsa
1206 2583 1514 2624 sacratissima
1548 2587 1680 2624 nocte
1709 2582 1940 2623 dominice
1972 2594 2117 2622 resur-

459 2659 678 2699 rectionis
731 2671 837 2699 cum
891 2658 1097 2697 adultera
1155 2660 1196 2696 et
1242 2657 1426 2696 duobus
1475 2655 1579 2709 filijs
1626 2668 1680 2696 ex
1726 2654 1951 2695 adulterio
1998 2653 2115 2694 natis

465 2731 693 2782 malignus
736 2730 923 2783 spiritus
962 2729 1206 2770 crudeliter
1247 2728 1523 2769 suffocatum
1562 2729 1619 2768 ad
1658 2728 1827 2768 inferos
1860 2726 2117 2767 eternaliter

465 2802 751 2856 puniendum
786 2803 1054 2843 detraheret.

554 2971 587 3005 2.
619 2970 675 3005 Ac
699 2970 751 3014 A;
783 2971 831 3006 At
858 2971 900 3006 E.
965 2970 999 3006 3.
1036 2969 1227 3005 reddenti
1253 2970 1296 3004 Α.
1359 2969 1394 3005 6.
1427 2968 1504 3004 celi
1531 2979 1610 3004 om.
1638 2968 1681 3003 Α.
1743 2968 1778 3003 9.
1812 2964 2044 3013 spiritualis
2073 2964 2116 3000 Ε.

472 3027 529 3062 12.
578 3026 811 3062 Clareualle
857 3027 907 3062 M.
1011 3026 1070 3062 13.
1116 3026 1353 3072 germinare
1399 3025 1629 3064 iusticiam,
1673 3024 1746 3070 cfr.
1794 3023 1910 3059 Isaioe
1957 3022 2016 3067 61,
2053 3021 2112 3057 11.

468 3083 531 3118 25.
565 3086 676 3119 retro
711 3084 760 3123 E:
794 3084 1014 3120 retroactis
1048 3084 1099 3128 B:
1134 3094 1235 3119 vero
1266 3083 1310 3119 Α.
1373 3083 1437 3119 27.
1470 3082 1566 3118 fecit
1597 3083 1687 3128 ipse
1721 3082 1762 3117 E.
1852 3079 1924 3126 qui
1956 3089 2035 3115 om.
2071 3078 2114 3114 Α.
