2242 3551
540 212 682 240 VETVS
716 211 940 240 CHRONICA
976 212 1214 239 SIALANDlE
1644 198 1691 237 41

58 358 61 360 -
120 328 390 378 1(MCLXV1.
453 325 578 378 Obijt
612 325 923 367 Christoforus
956 326 1049 365 dux
1080 325 1215 365 Jutie.
1264 324 1405 365 Addit.
1442 324 1532 375 vet.)

137 399 397 441 MCLXVII.
450 398 655 438 Burisius
688 401 848 451 captus
882 401 947 438 est
978 410 1002 437 a
1036 409 1137 449 rege
1166 398 1462 438 Waldemaro
1495 396 1550 447 (et
1584 398 1697 438 eruti

50 477 155 514 sunt
186 471 307 513 oculi
341 471 450 511 eius.
499 469 638 511 Addit.
675 470 778 521 vet).

135 545 354 586 MCLXX.
433 543 704 583 Translatus
757 546 822 583 est
876 547 1062 583 sanctus
1112 543 1318 582 Kanutus
1369 542 1626 594 Ringstadis
1674 556 1697 582 a

50 617 343 658 Waldemaro
400 615 554 656 Primo
617 628 696 668 per
757 615 1063 656 ministerium
1125 614 1398 655 venerabilis
1456 615 1700 655 Absalonis

51 688 265 742 episcopi,
298 688 428 729 cuius
461 688 506 728 id
540 688 817 742 exsequendi
851 688 1056 728 officium
1091 691 1198 735 erat,
1235 688 1523 727 adstantibus
1555 688 1701 727 turbis

51 762 366 815 religiosorum
400 760 671 801 clericorum
705 773 759 801 ac
791 761 1015 802 laicorum
1050 764 1091 800 et
1117 764 1433 800 matronarum
1464 759 1701 800 deuotissi-

52 848 244 887 marum,
277 833 577 875 clamantium
613 837 655 873 et
686 833 957 874 dicentium:
997 833 1296 874 »Benedictus
1324 832 1540 873 dominus
1567 833 1700 872 Jesus

53 907 273 959 Christus,
305 906 384 961 qui
418 910 627 947 sanctum
658 907 890 947 Kanutum
913 906 1157 960 Syalandie
1185 905 1371 958 prefecit
1404 907 1696 958 patronuml«

53 981 120 1032 Et,
168 979 284 1020 sicut
329 979 491 1031 legitur
539 979 584 1019 in
633 979 779 1020 Gestis
828 980 1089 1019 Danorum:
1143 977 1309 1031 »patris
1357 978 1477 1018 eius«
1530 977 1588 1029 (id
1637 982 1702 1018 est

52 1051 332 1094 Waldemari
382 1051 539 1103 Primi)
592 1065 719 1093 »ossa
768 1065 843 1093 are
890 1053 1154 1103 traduntur,
1202 1055 1244 1092 et
1285 1051 1407 1091 filius
1441 1064 1513 1091 vn.
1555 1064 1702 1091 annos

52 1130 208 1166 natus«
259 1124 319 1178 (id
359 1128 426 1165 est
459 1125 682 1177 Kanutus,
732 1125 854 1165 filius
895 1124 1100 1165 eiusdem
1134 1123 1433 1175 Waldemari)
1479 1123 1622 1175 »regia
1657 1123 1701 1163 in

53 1199 159 1240 sella
207 1211 410 1251 purpura
460 1201 763 1238 venustatur«
859 1198 1033 1238 Eodem
1090 1197 1211 1237 enim
1260 1197 1353 1247 die,
1416 1210 1507 1250 quo
1555 1196 1701 1236 filiun]

51 1271 320 1322 diademate,
353 1274 589 1324 parentem
622 1271 783 1312 altario
817 1270 1077 1321 honorauit,
1111 1270 1155 1309 id
1189 1273 1254 1309 est
1287 1282 1359 1310 v11.
1397 1270 1491 1311 Kal.
1525 1269 1648 1322 Julij.

138 1344 310 1385 Eodem
354 1343 489 1384 etiam
532 1357 655 1384 anno
690 1345 755 1385 Ro
796 1343 842 1384 in
876 1343 1056 1385 Sclauia
1090 1356 1113 1382 a
1149 1343 1292 1383 Danis
1325 1347 1389 1383 est
1423 1343 1539 1383 victa
1573 1346 1615 1382 et
1646 1343 1702 1382 ad

52 1417 186 1457 fidem
238 1416 405 1458 Christi
453 1429 691 1458 conuersa.
785 1417 841 1457 Et
886 1417 1232 1467 WaldemaruS,
1280 1415 1485 1456 eiusdem
1536 1415 1702 1455 Kanuti

52 1489 207 1540 frater,
270 1493 396 1542 pater
449 1489 660 1530 videlicet
713 1501 867 1542 regum
918 1489 1036 1530 Erici
1084 1492 1126 1529 et
1173 1488 1443 1530 Christofori
1491 1491 1533 1528 et
1579 1487 1704 1538 Abel,

53 1566 187 1603 natus
219 1566 297 1603 est.

136 1634 396 1687 (MCLXXI.
445 1636 640 1676 Sanctus
674 1636 884 1677 Kanutus
916 1635 1165 1676 translatus
1198 1638 1275 1675 est.
1327 1634 1549 1685 Kanutus,
1582 1633 1705 1673 filius

54 1707 351 1760 Waldemari,
384 1712 632 1749 coronatus
666 1712 742 1749 est.
790 1707 931 1749 Addit.
966 1707 1062 1760 rec.)

141 1780 383 1822 MCLXXI.
434 1780 593 1821 Passio
627 1782 969 1823 sanctiThome
996 1780 1340 1822 Cantuariensis
1372 1778 1705 1833 archiepiscopi

55 1853 224 1906 Anglie.
287 1853 406 1904 Quia
447 1853 586 1894 huius
628 1845 1159 1895 sanctissimi'antistitis
1198 1854 1452 1893 secundum
1496 1852 1704 1893 ordinem

55 1926 315 1979 passionem
351 1926 577 1979 explicare
610 1940 702 1967 non
736 1927 1009 1977 sufficimus,
1046 1930 1258 1978 tangatur
1289 1938 1453 1979 parum
1487 1926 1542 1965 de
1575 1924 1707 1964 mira-

56 1999 183 2049 culis,
230 2003 279 2039 ut
310 1998 532 2052 perpendi
565 2000 728 2052 poterit
767 2014 792 2040 a
835 2000 1050 2040 fidelibus
1082 1999 1128 2039 in
1161 1998 1305 2050 terris,
1353 2002 1523 2051 quanta
1565 1996 1707 2049 gloria

57 2075 97 2111 et
129 2072 303 2112 honore
336 2071 553 2112 dominus
587 2075 835 2125 martyrem
869 2085 1006 2112 suum
1039 2070 1331 2112 coronauerit
1363 2070 1406 2110 in
1441 2070 1561 2110 celis.

143 2144 315 2184 Eadem
369 2144 646 2197 septimana,
699 2157 791 2197 qua
846 2148 1020 2197 martyr
1081 2144 1138 2184 ad
1195 2144 1421 2184 Octauam
1481 2142 1706 2193 transiuit,

146 2293 178 2329 1.
213 2292 342 2328 Error
372 2292 435 2328 his
468 2292 579 2336 inest,
617 2292 694 2328 vid.
729 2291 897 2338 inferias
930 2292 982 2327 ad
1014 2302 1173 2327 annam
1212 2291 1326 2327 1173.
1390 2292 1424 2326 2.
1458 2291 1615 2336 Captus
1648 2292 1708 2325 est

60 2349 249 2385 Burisius
296 2350 342 2385 H.
419 2350 541 2386 5—6.
590 2349 1117 2395 Absolonis..exequendi
1167 2349 1223 2393 H,
1269 2351 1441 2384 ceterum
1491 2347 1556 2383 hic
1601 2349 1708 2382 errat

59 2406 276 2451 chronista,
311 2407 387 2443 vid.
412 2406 519 2443 Saxo
542 2418 580 2453 p.
599 2407 676 2443 852
704 2406 766 2452 M,
801 2417 850 2443 ex
880 2407 994 2442 cuius
1026 2407 1265 2443 narratione
1292 2406 1478 2452 quaedam
1504 2404 1707 2450 excerpsit.

61 2465 180 2500 6—7.
220 2464 563 2501 astantibus..et
594 2465 798 2500 laicorum
834 2465 879 2499 H.
972 2465 1007 2500 9.
1052 2463 1272 2500 Sielandiae
1307 2463 1361 2503 H;
1409 2462 1632 2498 Sialandiae
1669 2461 1707 2496 S.

64 2522 236 2557 10—11.
269 2522 400 2568 patris
432 2521 619 2557 eiusdem
653 2521 890 2557 Valdamari
923 2521 1068 2568 primi,
1118 2521 1221 2556 Ossa
1237 2522 1274 2564 (ἱ)
1309 2520 1354 2555 H.
1438 2520 1498 2555 12.
1532 2523 1569 2554 et
1599 2519 1708 2554 filius

59 2577 121 2626 (82
155 2577 328 2627 filijs(!!))
359 2582 517 2625 septem
551 2590 584 2615 a.
614 2590 662 2624 n.,
695 2589 736 2615 o:
771 2580 957 2615 Canutus
991 2579 1178 2614 eiusdem
1208 2577 1267 2613 W.
1302 2577 1467 2621 (omisso
1500 2576 1625 2615 filius>
1661 2576 1706 2610 H.

65 2636 124 2671 14.
167 2635 492 2680 diademetate(!)
534 2636 567 2670 H
610 2638 705 2680 (non
751 2636 805 2680 S).
885 2636 946 2671 15.
994 2637 1035 2671 in
1078 2646 1207 2681 nzary.
1249 2635 1300 2669 fl:
1348 2634 1435 2669 Roo
1483 2645 1520 2669 o:
1566 2633 1706 2678 Rugia.

63 2692 200 2728 Slauia
236 2693 280 2728 fl.
361 2694 421 2728 17.
462 2702 605 2739 regum
644 2693 805 2739 scripsi,
852 2693 959 2739 regis
993 2693 1071 2727 ΜΗ
1112 2692 1195 2736 (scd
1232 2691 1321 2736 ficri
1357 2693 1496 2736 potest,
1548 2693 1589 2726 ιιΙ
1629 2690 1709 2725 duo

60 2752 264 2795 postrema
311 2750 483 2786 nomina
532 2750 632 2785 mire
678 2749 835 2786 turbato
882 2749 1024 2785 ordine
1070 2749 1209 2784 addita
1256 2746 1362 2793 sint).
1450 2748 1623 2783 17—«18.
1672 2750 1710 2781 et

63 2806 359 2853 Christophori
386 2809 427 2844 ct
452 2807 602 2850 Abelis,
629 2807 827 2843 nascitur.
892 2807 1067 2842 19—20.
1096 2806 1181 2841 Hoc
1205 2805 1529 2840 additamentum
1560 2805 1591 2839 H
1629 2815 1709 2839 non

63 2862 189 2900 habet.
216 2858 219 2859 ⁷
252 2865 316 2900 21.
351 2865 477 2908 Tome
510 2865 544 2899 H
578 2866 675 2908 (non
711 2865 753 2909 S)
783 2865 898 2900 Cant.
933 2863 1133 2909 episcopi,
1166 2863 1285 2898 cuius
1319 2861 1453 2896 simile
1484 2863 1505 2904 (ἵ
1533 2872 1609 2906 pro
1641 2860 1711 2895 SR*

64 2921 272 2967 reperitur
296 2921 568 2968 Epitaphium
589 2922 635 2964 Η,
667 2933 690 2956 a
723 2932 801 2967 quo
833 2920 972 2956 omnia
1007 2921 1099 2956 inde
1125 2919 1175 2955 ab
1201 2919 1265 2961 41,
1286 2919 1336 2953 2‘2
1371 2918 1555 2964 (Angliae)
1589 2928 1711 2963 usque

64 2977 116 3012 ad
149 2978 255 3022 47‚4
299 2977 417 3026 (Rex)
455 2977 612 3014 absunt.
689 2979 740 3014 26
773 2989 856 3024 sqq.
902 2978 947 3012 In
990 2977 1064 3017 his,
1114 2988 1202 3023 quoe
1241 2976 1288 3011 de
1326 2975 1376 3010 St,
1413 2974 1567 3010 Thoma
1609 2975 1709 3009 Can-

67 3034 261 3078 tuariensi
292 3037 435 3071 narrat
465 3034 639 3080 scriptor
668 3036 812 3079 noster,
849 3034 1057 3080 praecipuo
1089 3036 1251 3069 anctore
1284 3043 1379 3068 usus
1411 3034 1468 3067 est
1497 3031 1710 3067 Benedicto

67 3090 207 3126 abbate
238 3091 548 3137 Petriburyensi‚
593 3092 663 3138 qui
700 3092 926 3137 »prolixam
960 3090 1286 3132 narrationem«,
1335 3091 1377 3123 ut
1407 3088 1464 3123 ait
1491 3099 1530 3133 p.
1565 3087 1625 3127 44,
1648 3087 1708 3126 17,

67 3147 114 3182 de
152 3148 360 3184 miraculis
391 3148 528 3184 Sancti
563 3148 726 3184 Thomae
764 3148 943 3194 scripsit,·
991 3147 1100 3183 hunc
1140 3146 1287 3182 librum
1326 3148 1416 3191 post
1457 3145 1557 3180 alios
1590 3144 1711 3179 edidit

1726 618 1744 651 5

1730 979 1770 1014 10

1732 1348 1772 1378 15

1731 1713 1773 1744 20

1733 2076 1777 2107 25
