2242 3551
479 202 714 231 Exoanlvm
749 201 1026 232 MONASTERII
1059 203 1187 232 CARAE
1220 203 1393 231 INSVLAE
1686 193 1763 231 185

110 334 222 375 quos
256 318 452 373 proprijs
485 317 701 357 manibus
735 317 809 357 uel
842 317 1105 370 sumptibus
1138 318 1365 369 excolunt,
1409 317 1507 358 siue
1540 319 1594 358 de
1629 319 1765 358 nutri-

111 392 274 435 mentis
320 390 594 432 animalium
643 402 833 430 suorum
883 391 938 430 de
986 391 1265 443 benignitate
1307 391 1427 431 sedis
1468 391 1718 444 apostolice
1756 398 1767 444 Η

109 465 298 508 omnino
332 464 462 505 liberi
494 467 601 504 sunt
632 467 673 503 et
704 462 935 513 inmunes,
984 464 1043 503 ita
1086 467 1132 503 ut
1165 463 1223 503 ab
1257 463 1321 504 eis
1354 464 1509 504 nullus
1543 477 1764 517 unquam,
1794 468 1950 502 F01.18r-

109 542 519 594 quantumcunque
581 535 821 588 religiosus
883 537 956 576 uel
1019 536 1224 589 preditus
1287 536 1525 588 dignitate,
1593 538 1764 577 nedum

110 612 300 654 clericus
344 609 577 662 secularis,
625 609 830 650 decimas
872 609 1048 661 exigere
1093 609 1260 649 audeat
1303 610 1376 650 uel
1416 610 1766 662 quomodolibet
1792 616 1810 647 5

111 689 390 739 extorquere.

812 785 910 831 Cap.
944 785 1060 824 XXX.

111 868 378 915 Priuilegium
412 867 572 903 domini
608 877 715 913 pape
741 866 901 902 Urbani
930 866 980 901 de
1015 866 1203 912 plenaria
1231 866 1423 903 libertate
1457 866 1763 902 monachorum

354 948 484 983 super
515 936 690 972 decimis
724 935 775 971 ad
808 935 1054 982 petitionem
1088 935 1277 971 eiusdem
1311 935 1514 982 episcopi.

199 1008 495 1088 VRBANVS
529 1041 788 1095 episcopus,
829 1054 990 1081 seruus
1025 1053 1266 1097 seruorum
1302 1041 1388 1093 dei,
1421 1041 1767 1081 uenerabilibus

107 1116 322 1158 fratribus
369 1114 591 1156 Absaloni
639 1114 877 1154 Lundensi
923 1113 1295 1167 archiepiscopo,
1348 1113 1599 1167 apostolice
1646 1113 1766 1154 sedis
1796 1122 1835 1152 10

107 1191 267 1242 legato,
293 1193 335 1229 et
359 1187 661 1237 suffraganeis
687 1187 799 1236 eius,
825 1191 866 1228 et
891 1187 1070 1228 dilectis
1095 1186 1201 1241 filijs
1227 1187 1488 1235 abbatibus,
1522 1187 1766 1240 prioribus,

108 1261 462 1313 archidiaconis,
510 1260 695 1301 decanis
735 1264 778 1301 et
817 1261 1080 1314 presbiteris
1122 1260 1169 1301 in
1208 1260 1381 1301 eisdem
1423 1260 1766 1313 episcopatibus

107 1335 365 1377 constitutis
408 1335 603 1375 salutem
644 1338 686 1374 et
725 1335 1029 1387 apostolicam
1071 1333 1456 1374 benedictionem.
1520 1333 1638 1383 Quia
1680 1333 1767 1386 ple-

106 1422 301 1463 rumque
348 1407 554 1448 ueritatis
602 1407 836 1460 integritas
889 1421 968 1461 per
1017 1407 1244 1447 minorem
1292 1406 1640 1458 intelligentiam
1689 1410 1768 1446 aut

109 1481 339 1523 maliciam
379 1480 627 1521 hominum
666 1481 961 1533 deprauatur,
1008 1493 1101 1521 non
1142 1480 1326 1520 uidetur
1358 1479 1681 1532 incongruum,
1729 1479 1766 1520 si
1795 1487 1835 1518 15

107 1568 158 1596 ea
197 1554 357 1606 etiam,
405 1567 493 1607 que
541 1553 782 1594 manifeste
829 1554 949 1594 dicta
998 1554 1236 1606 uidentur,
1284 1554 1341 1593 ad
1389 1566 1577 1593 omnem
1625 1552 1766 1593 ambi-

54 1675 55 1679 ,
106 1627 288 1680 guitatis
341 1627 612 1680 scrupulum
659 1628 997 1668 remouendum
1046 1627 1307 1667 euidentius
1361 1630 1671 1679 exponantur,
1726 1629 1767 1666 et

106 1700 420 1741 turbatoribus
461 1699 665 1740 ueritatis
707 1700 859 1740 omnis
892 1701 1127 1741 auferatur
1159 1698 1538 1740 contradictionis
1570 1698 1766 1749 occasio,

107 1768 198 1828 qua
241 1786 307 1826 ea,
355 1786 443 1827 que
480 1776 600 1813 recte
647 1773 767 1813 dicta
807 1777 927 1825 sunt,
974 1773 1130 1827 aliqua
1178 1773 1364 1813 ualeant
1410 1771 1766 1813 obumbratione

107 1847 287 1888 fuscari.
350 1846 626 1899 Accepimus
669 1850 838 1898 autem,
886 1847 1025 1900 quod,
1073 1859 1179 1886 cum
1228 1845 1446 1886 fratribus
1486 1845 1765 1896 Careinsule,
1793 1857 1835 1887 20

108 1919 223 1961 sicut
261 1919 363 1973 alijs
403 1919 622 1960 omnibus
656 1919 970 1960 Cisterciensis
1010 1919 1185 1960 ordinis
1219 1918 1452 1970 fratribus,
1499 1932 1525 1958 a
1558 1918 1768 1971 patribus

108 1996 149 2033 et
180 1992 585 2046 predecessoribus
618 1991 785 2032 nostris
819 2005 1093 2033 concessum
1128 1992 1184 2032 sit
1216 1996 1258 2033 et
1290 2005 1315 2032 a
1349 1991 1484 2032 nobis
1510 1991 1621 2045 ipsis
1648 1995 1768 2044 post-

108 2066 299 2107 modum
332 2065 564 2106 indultum
599 2069 641 2106 et
673 2065 1017 2117 confirmatum,
1058 2069 1105 2105 ut
1138 2066 1194 2105 de
1226 2064 1478 2116 laboribus,
1518 2077 1635 2117 quos
1667 2077 1767 2117 pro-

109 2138 216 2192 prijs
249 2138 467 2180 manibus
498 2142 577 2179 aut
604 2138 866 2191 sumptibus
896 2139 1124 2190 excolunt,
1157 2137 1332 2178 nemini
1356 2137 1561 2178 decimas
1587 2137 1773 2177 soluere

107 2215 360 2264 teneantur,
407 2211 597 2266 quidam
638 2211 696 2251 ab
738 2211 802 2252 eis
846 2211 1180 2252 nichilominus
1224 2214 1383 2251 contra
1431 2209 1765 2262 indulgentiam
1793 2222 1834 2252 25

108 2285 228 2326 sedis
266 2284 518 2338 apostolice
560 2284 764 2325 decimas
804 2284 980 2336 exigere
1021 2288 1062 2324 et
1104 2288 1373 2336 extorquere
1406 2286 1680 2336 presumunt
1712 2286 1766 2334 et,

109 2371 251 2411 praua
292 2361 333 2398 et
373 2357 556 2398 sinistra
596 2357 972 2410 interpretatione
1012 2356 1373 2410 apostolicorum
1418 2355 1766 2409 priuilegiorum

108 2430 361 2484 capitulum
394 2434 720 2483 peruertentes,
753 2434 965 2471 asserunt
996 2431 1052 2471 de
1085 2429 1333 2470 noualibus
1365 2429 1530 2469 debere
1563 2428 1768 2480 intelligi,

109 2503 185 2544 ubi
233 2504 439 2544 noscitur
479 2504 534 2544 de
576 2503 815 2544 laboribus
855 2516 952 2544 esse
999 2502 1287 2556 inscriptum.
1359 2501 1594 2552 Quoniam
1633 2501 1769 2553 igitur

111 2576 405 2617 manifestum
438 2580 505 2617 est
536 2576 769 2627 omnibus,
802 2576 880 2629 qui
914 2580 1031 2617 recte
1062 2573 1074 2629 Η
1105 2575 1304 2628 sapiunt,
1343 2573 1766 2627 interpretationem
1795 2587 1836 2618 30
1864 2582 2024 2617 F01.18‘',

110 2649 378 2690 huiusmodi
410 2662 677 2703 peruersam
710 2662 808 2689 esse
841 2653 882 2689 et
913 2648 1163 2689 intellectui
1193 2659 1306 2688 sano
1333 2647 1627 2699 contrariam,
1660 2659 1766 2687 cum

110 2722 365 2762 secundum
413 2722 667 2775 capitulum
714 2721 827 2762 illud
875 2734 901 2762 a
948 2721 1177 2763 solutione
1224 2721 1511 2761 decimarum
1567 2723 1658 2759 tam
1712 2719 1767 2758 de

109 2794 239 2835 terris
280 2794 384 2845 illis,
431 2808 544 2848 quas
586 2795 875 2835 deduxerunt
916 2795 988 2835 uel
1028 2795 1264 2834 deducunt
1296 2794 1351 2833 ad
1387 2793 1577 2843 cultum,
1624 2805 1765 2846 quam

111 2866 246 2907 etiam
286 2868 341 2908 de
382 2867 514 2908 terris
555 2868 702 2918 cultis,
750 2881 865 2921 quas
899 2866 1096 2920 proprijs
1137 2866 1352 2906 manibus
1398 2865 1471 2905 uel
1504 2865 1767 2918 sumptibus

111 2939 337 2989 excolunt,
381 2940 512 2980 liberi
545 2939 634 2980 sint
666 2939 849 2993 penitus
882 2944 923 2980 et
954 2939 1183 2989 inmunes,
1224 2951 1308 2979 nec
1341 2938 1462 2978 ullus
1496 2942 1654 2978 contra
1689 2950 1766 2978 eos
1794 2951 1835 2980 35

201 3085 261 3120 19.
289 3081 610 3129 ⁰¹’,umbratione
642 3095 743 3121 corr.
777 3095 827 3120 m.
863 3085 882 3120 1
918 3084 965 3121 C.
1028 3085 1092 3120 22.
1126 3083 1501 3131 predescefsoribus
1533 3083 1577 3120 C.
