2242 3551
507 192 585 231 142
848 203 1123 233 sempronsss
1156 202 1383 232 msrofflAE
1416 202 1591 231 DANICAE
1624 202 1824 232 MINORES

457 323 476 353 3
503 317 800 369 regnantibus
815 316 855 369 (l)
881 318 1104 370 Svenone,
1132 318 1310 359 Canuto
1337 322 1379 358 et
1396 317 1672 358 Valdemaro
1692 318 1932 358 Danorum
1958 318 2154 369 regibus,

504 390 590 430 sub
622 390 813 431 domino
848 390 1048 430 Henrico
1081 390 1231 443 primo
1271 390 1449 442 abbate,
1497 404 1522 431 a
1566 390 1698 431 beato
1732 391 1966 431 Bernardo
1999 390 2152 430 misso.

457 469 475 497 5
589 464 722 503 Anno
769 475 875 503 vero
923 462 1082 503 salutis
1132 464 1274 513 1504„
1331 463 1643 504 illustrissimo
1690 462 1896 516 principe
1942 463 2155 503 Johanne

504 547 609 575 cum
643 539 854 576 consorte
887 548 968 576 sua
1004 535 1234 576 christina
1268 541 1310 576 et
1341 535 1496 576 liberis
1521 535 1804 577 Christierno
1837 540 1878 576 et
1909 536 2155 576 Francisco

502 608 589 649 hec
620 608 704 648 tria
737 619 876 660 regna
907 608 1205 661 gubernante,
1238 609 1465 662 completa
1499 613 1565 649 est
1595 608 1769 648 fabrica
1795 608 1925 649 chori
1949 608 2154 649 eiusdem

503 680 704 731 ecclesie,
748 682 909 722 eodem
942 681 1153 722 videlicet
1185 667 1431 735 <tempore>,
1477 695 1569 735 quo
1602 681 1793 722 ecclesia
1828 681 1872 721 in
1904 680 2155 734 parietibus

503 757 545 794 et
575 754 883 794 testudinibus
917 758 983 794 est
1020 758 1356 807 consummata,
1405 754 1491 794 sub
1532 754 1692 794 vltimo
1731 753 1921 794 domino
1957 749 2186 794 Henrico'

435 831 476 861 10
502 826 642 866 huius
703 826 871 867 domus
932 827 1110 867 abbate.
1203 827 1413 877 Quorum
1476 826 1653 867 iusticie
1714 826 1999 867 obliuionem
2061 839 2154 867 non

504 904 787 952 receperunt.

589 972 722 1013 Anno
755 977 908 1013 autem
942 973 1104 1014 eodem
1138 973 1306 1013 electus
1333 976 1398 1013 est
1423 972 1641 1013 dominus
1669 973 1828 1013 Petrus
1860 972 1906 1012 in
1939 972 2154 1012 abbatem

502 1045 643 1085 huius
677 1045 878 1097 ecclesie,
910 1045 958 1085 in
990 1045 1155 1097 Vigilia
1188 1045 1390 1086 Simonis
1422 1049 1464 1086 et
1491 1046 1625 1097 Jude,
1656 1045 1831 1099 prefato
1866 1045 2064 1086 Henrico
2097 1046 2154 1085 ad

506 1117 838 1158 monasterium
873 1118 1149 1159 Esromense
1180 1118 1414 1158 translato.

592 1229 626 1263 δ.
658 1231 848 1274 tempore
879 1227 1031 1264 addidi.

707 1489 764 1531 11.
827 1490 912 1530 DE
946 1489 1367 1531 FVNDATIONE
1402 1490 1961 1543 MONASTERmRVM

584 1561 1048 1604 vlTAESCHOLAE.
1082 1562 1522 1605 TVTAEVALLIS.
1557 1562 2072 1605 AVREAEINSVLAE.

1158 1788 1510 1837 FORORD.

603 1924 630 2001 Ι
670 1964 738 2000 det
771 1965 889 2000 Store
923 1964 1009 2010 Kgl.
1038 1965 1277 2002 Bibliothek
1310 1966 1443 2002 findes
1476 1967 1487 2002 i
1524 1966 1725 2003 Uldalls
1759 1967 1990 2013 Samling
2024 1967 2156 2003 under

507 2036 585 2070 Nr.
623 2033 714 2070 186
750 2033 846 2069 Fol.
890 2033 969 2069 den
1012 2038 1152 2070 eneste
1186 2046 1242 2071 nu
1273 2034 1482 2071 bevarede
1513 2035 1686 2071 Afskrift
1726 2035 1770 2071 af
1808 2036 1849 2074 P.
1883 2037 1915 2072 J.
1949 2035 2155 2072 Resenii

505 2103 643 2139 Atlas
677 2103 907 2138 Danicus
940 2103 951 2137 i
985 2103 1006 2138 7
1042 2103 1216 2149 vaeldige
1250 2104 1355 2139 Bind
1393 2102 1453 2152 (se
1486 2104 1529 2140 E.
1562 2104 1700 2151 Gigas:
1750 2104 1923 2151 Katalog
1955 2115 2056 2140 over
2088 2105 2155 2140 det

506 2173 558 2209 St.
594 2172 679 2218 Kgl.
713 2171 851 2207 Bibl.⁷s
886 2172 1218 2217 Haandskrifter,
1255 2174 1288 2208 1.
1324 2173 1442 2216 Bind,
1475 2174 1511 2209 S.
1547 2173 1624 2209 152
1651 2171 1700 2221 fi).
1764 2173 1990 2209 IVaerkets
2025 2174 2058 2209 2.
2085 2174 2155 2209 Bd.

503 2238 759 2289 (Descriptio
792 2240 1016 2276 Civitatum
1051 2239 1298 2289 Seelandiae)
1336 2242 1549 2288 begynder
1581 2242 1618 2281 S,
1655 2242 1733 2278 387
1775 2243 1843 2278 det
1873 2242 2019 2287 Afsnit,
2064 2253 2153 2278 som

504 2311 582 2346 har
627 2309 782 2345 Titlen:
851 2310 1112 2356 »Descriptio
1159 2310 1347 2346 Civitatis
1394 2310 1710 2358 Slangerupii‹<;
1765 2311 1888 2347 dertil
1934 2311 2037 2358 foJ'es
2084 2322 2154 2347 saa

507 2381 543 2415 S.
577 2379 656 2415 394
692 2378 729 2415 ff.
774 2382 811 2414 et
844 2378 1083 2415 Auctarium
1124 2379 1171 2414 de
1211 2377 1456 2415 Monaslerio
1496 2379 1829 2425 Wile—Scholensi,
1877 2380 1915 2416 S.
1949 2380 2156 2416 Michaelis

505 2451 541 2484 et
570 2448 671 2484 aliis.
735 2448 831 2483 Som
866 2448 1116 2494 Indledning
1158 2448 1204 2483 til
1245 2448 1355 2484 dette
1386 2449 1629 2484 Auctarium
1671 2452 1784 2484 staar
1825 2448 2019 2495 folgende
2050 2450 2154 2485 ord:

511 2517 579 2552 »ln
613 2517 872 2553 excutiendis
904 2517 1074 2560 chartis,
1114 2528 1208 2563 quae
1242 2517 1293 2551 ad
1326 2517 1713 2563 Fridericiburgum
1747 2518 2155 2565 Slangerupiumque

506 2585 757 2631 pertinuere,
804 2586 999 2632 quaedam
1039 2596 1210 2631 quoque
1251 2585 1301 2620 de
1343 2585 1435 2621 aliis
1474 2586 1578 2621 locis
1619 2587 1819 2622 notabilia
1866 2590 2154 2629 occurrerunt7

505 2664 599 2701 quae
622 2665 672 2689 ne
696 2658 868 2701 pereant
892 2656 1000 2690 inter
1022 2654 1185 2698 blattas,
1218 2654 1287 2689 hic
1308 2653 1360 2688 ad
1383 2654 1509 2690 finem
1532 2655 1651 2690 licuit
1680 2657 1733 2699 (02
1765 2655 1901 2700 libuit)
1931 2655 2148 2702 adjicere«

590 2724 642 2759 Af
677 2724 786 2760 dette
818 2723 1069 2765 Auctarium,
1119 2722 1193 2758 der
1230 2722 1482 2758 omliandler
1513 2723 1880 2770 Grundlaeggelsen
1925 2724 1970 2760 af
2004 2725 2054 2759 de
2092 2727 2155 2760 tre

506 2792 967 2828 Cistercienserklostre
1006 2791 1175 2835 Vitskol,
1217 2791 1314 2826 Tvis
1361 2800 1412 2837 og
1454 2791 1693 2836 Guldholm,
1740 2803 1795 2836 er,
1843 2803 1913 2828 saa
1960 2792 2047 2828 vidt
2087 2793 2154 2839 J'eg

506 2861 595 2903 ved,
642 2861 763 2896 hidtil
803 2861 891 2898 kun
931 2860 1010 2895 den
1051 2859 1180 2895 sidste
1214 2859 1288 2895 Del
1321 2859 1512 2905 udgiven,
1560 2861 1715 2907 nemlig
1746 2861 1852 2897 forst
1883 2861 1927 2896 af
1956 2861 2108 2897 Suhm
2142 2861 2153 2895 i

507 2930 541 2965 S.
578 2930 619 2964 R.
654 2930 698 2965 D.
730 2930 846 2965 Toni.
878 2930 920 2973 V,
962 2940 999 2975 p.
1035 2927 1228 2964 379—83
1275 2925 1385 2975 (med
1433 2939 1483 2964 en
1533 2929 1714 2975 udforlig
1756 2930 2016 2976 Indledning‚
2062 2940 2151 2965 som

507 3009 603 3033 man
648 3009 739 3033 maa
779 2998 877 3033 laese
917 2998 995 3033 hos
1028 2998 1124 3032 ham
1158 2994 1269 3043 selv).
1334 2997 1463 3032 Suhm
1497 2998 1576 3033 har
1607 2999 1684 3034 her
1715 2998 1870 3045 aftrykt
1902 2998 2058 3034 Resens
2090 2997 2153 3033 Af-

506 3066 627 3101 skrift
669 3065 713 3101 af
750 3066 817 3102 det
859 3065 1228 3110 middelalderlige.
1278 3075 1332 3100 nu
1373 3066 1486 3101 tabte
1519 3066 1646 3102 Skrift
1684 3077 1750 3102 om
1785 3066 2151 3112 Grundlaeggelsen
