2242 3551
461 996 501 1026 10

461 1357 500 1386 15

457 1721 499 1750 20

456 2083 499 2113 25

456 2447 498 2477 30

443 2794 498 2839 '35

530 210 612 249 248
870 220 1146 248 SCRIPTORES
1180 219 1407 248 HisromAE
1438 219 1616 247 DANlcAE
1648 219 1847 247 M1N0REs

531 336 819 387 dyocesanus
858 332 1132 383 Arusiensis‚
1180 336 1426 386 postquam
1466 332 1775 386 episcopalem
1818 332 2083 385 dignitatern
2133 334 2180 375 in

530 406 765 447 Arusiensi
798 405 986 446 ecclesia
1022 409 1088 446 est
1119 406 1326 458 adeptus,
1359 405 1405 445 in
1440 405 1596 445 multis
1628 405 1759 458 quasi
1793 405 2010 446 continue
2035 407 2183 447 fuerat

530 478 869 529 dicteabbacie
902 481 945 518 et
975 478 1185 530 personis
1210 477 1401 518 abbacie
1429 476 1741 525 attinentibus,
1774 477 1950 518 clericis
1974 482 2015 518 et
2040 478 2181 529 laicis,

529 550 853 591 claustralibus
886 554 927 590 et
959 549 1258 600 secularibus,
1297 549 1343 588 in
1377 549 1610 600 omnibus,
1643 548 1811 603 quibus
1844 549 2006 602 potuit,
2047 551 2181 591 ualde

529 623 787 663 contrarius
830 626 871 662 et
910 621 1125 662 nociuus:
1177 622 1362 662 Primo
1400 626 1558 674 petens
1598 634 1623 661 a
1670 621 1886 674 predictis
1933 622 2098 662 abbate
2141 626 2183 663 et

528 699 760 736 conuentu
794 694 1142 747 procurationes
1173 694 1312 734 trium
1347 693 1726 747 septimanarum,
1764 697 1805 733 et
1836 695 2182 746 procurationes

528 781 696 809 nouem
753 767 1117 820 septimanarum
1171 768 1347 807 ratione
1400 766 1539 806 trium
1593 778 1847 818 annorum,
1908 765 1953 806 in
2012 767 2181 821 quibus

528 843 775 881 uacauerat
800 840 929 880 sedes
949 839 1221 890 Arusiensis,
1254 838 1314 879 ita
1348 842 1397 879 ut
1429 851 1511 891 pro
1544 851 1827 892 unoquoque
1851 852 1974 880 anno
1999 839 2183 880 deberet

527 914 582 953 de
615 912 711 953 iure
745 911 938 952 abbacia
972 924 1069 951 esse
1105 911 1305 963 obligata
1338 910 1438 962 sibi,
1483 923 1623 964 quam
1663 910 1742 950 diu
1775 915 1892 951 esset
1923 911 2181 965 episcopus,

529 989 570 1025 et
609 984 955 1026 successoribus
1000 984 1095 1024 suis
1142 988 1244 1037 post
1291 997 1351 1034 se,
1398 983 1443 1023 in
1493 982 1817 1036 procuratione
1863 983 2002 1024 trium
2049 984 2181 1037 septi-

530 1070 774 1098 manarum
807 1056 1013 1110 quolibet
1044 1070 1166 1097 anno
1200 1056 1525 1109 inperpetuum
1558 1055 1771 1107 obligata,
1805 1068 1910 1096 cum
1942 1059 2008 1096 tot
2037 1056 2181 1097 homi-

530 1130 666 1170 nibus
700 1133 741 1169 et
773 1129 917 1182 equis,
950 1133 1061 1182 quot
1092 1129 1228 1169 uellet
1262 1141 1418 1168 secum
1452 1128 1508 1168 ad
1543 1127 1797 1168 claustrum
1830 1128 2071 1169 adducere.
2121 1129 2184 1169 Et

529 1216 649 1243 cum
690 1202 833 1242 abbas
874 1206 915 1242 et
957 1205 1214 1242 conuentus
1255 1200 1458 1242 dicerent
1498 1213 1544 1241 se
1576 1204 1784 1253 promtos
1817 1205 1858 1241 et
1891 1204 2088 1253 paratos,
2136 1205 2184 1241 ut

529 1275 681 1328 ipsum
722 1274 769 1314 in
812 1275 900 1315 hoc
941 1278 981 1314 et
1025 1274 1068 1313 in
1109 1273 1327 1314 omnibus
1360 1273 1461 1327 alijs
1494 1272 1582 1313 sibi
1614 1272 1912 1325 beneplacitis
1954 1287 2099 1327 usque
2136 1273 2181 1314 in

529 1348 667 1387 finem
716 1346 808 1387 uite
856 1360 935 1387 sue
983 1346 1253 1387 exaudirent
1296 1349 1338 1385 et
1383 1345 1541 1386 libenti
1581 1344 1738 1385 animo
1779 1345 2076 1397 deseruirent‚
2122 1346 2182 1386 ita

528 1424 695 1470 tamen,
729 1424 778 1459 ut
809 1420 898 1459 hoc
931 1423 1047 1459 esset
1080 1418 1286 1459 amicicie
1318 1422 1359 1459 et
1391 1417 1643 1458 uoluntatis
1676 1430 1770 1469 sue,
1809 1421 1850 1457 et
1882 1431 1975 1459 non
2008 1418 2184 1459 ratione

527 1492 667 1533 debiti
710 1491 886 1543 extorti,
934 1505 989 1532 ne
1030 1504 1110 1544 per
1149 1492 1322 1531 factum
1364 1504 1501 1531 suum
1544 1490 1589 1530 in
1631 1491 1719 1531 hac
1758 1494 1886 1543 parte
1919 1491 2184 1532 uiderentur

527 1564 753 1605 contraire
787 1568 828 1604 et
860 1564 1173 1604 contradicere
1206 1568 1247 1604 et
1279 1564 1570 1616 indulgencie
1602 1567 1643 1603 et
1683 1562 1944 1616 prouisioni
1978 1564 2180 1616 plurium

527 1650 818 1677 summorum
881 1636 1176 1689 pontificum,
1238 1636 1579 1686 inhibendum,
1621 1635 1840 1676 omnibus
1895 1639 1936 1675 et
1993 1635 2182 1687 singulis

528 1709 935 1762 Cysterciensibus,
983 1722 1038 1749 ne
1085 1708 1281 1749 alicuius
1327 1708 1493 1749 iudicis
1534 1708 1632 1749 foro
1682 1712 1832 1749 essent
1878 1708 2049 1748 astricti
2096 1707 2183 1748 nisi

527 1786 708 1835 patrum
753 1782 974 1822 abbatum
1016 1786 1057 1822 et
1100 1781 1242 1822 solius
1286 1794 1424 1834 pape;
1473 1805 1526 1809 ——
1567 1785 1615 1821 et
1662 1793 1783 1821 cum
1831 1781 2047 1834 episcopo
2090 1793 2182 1821 non

526 1858 642 1895 esset
683 1854 967 1895 satisfactum
1010 1853 1052 1894 in
1094 1855 1182 1894 hac
1222 1858 1348 1907 parte
1382 1854 1453 1894 sui
1485 1853 1787 1907 reputatione,
1835 1853 1923 1894 nisi
1964 1852 2182 1894 monachi

525 1928 775 1967 faterentur
814 1940 860 1967 se
902 1940 999 1968 esse
1039 1927 1265 1979 obligatos
1313 1926 1399 1967 sibi
1447 1926 1689 1967 annuatim
1734 1928 1792 1967 ad
1839 1926 2181 1979 prouidendum

526 1999 611 2039 sibi
644 1999 691 2039 in
725 1999 1130 2052 procurationibus
1162 1999 1303 2039 trium
1336 1999 1700 2053 septimanarum
1742 2011 1847 2040 cum
1890 2002 1956 2039 tot
1987 1996 2181 2038 homini-

526 2072 612 2113 bus
651 2077 693 2114 et
731 2072 874 2125 equis,
922 2084 1027 2112 cum
1075 2076 1187 2125 quot
1234 2072 1370 2112 uellet
1413 2072 1591 2122 uenire;
1639 2095 1693 2099 —
1741 2075 1789 2112 et
1835 2084 1959 2112 cum
2008 2070 2178 2110 nollent

527 2145 743 2186 monachi
777 2157 823 2185 se
856 2144 1057 2196 obligare
1091 2145 1146 2184 ad
1189 2144 1309 2184 istud
1350 2145 1502 2184 honus
1541 2145 1852 2195 subeundum,
1900 2147 1941 2184 et
1980 2142 2179 2183 maxime

527 2217 634 2270 quia
688 2230 928 2271 nunquam
982 2217 1162 2257 fuerant
1215 2216 1584 2257 antecessoribus
1641 2216 1736 2257 suis
1783 2216 1829 2256 in
1878 2216 1967 2256 hoc
2014 2215 2087 2255 uel
2132 2214 2178 2254 in

526 2289 755 2329 consimili
802 2289 997 2330 seruicio
1045 2302 1098 2329 ex
1138 2289 1292 2329 debito
1332 2289 1543 2341 obligati3
1590 2313 1642 2317 —
1684 2292 1733 2328 et
1771 2301 1893 2329 cum
1937 2288 2179 2341 episcopus

526 2361 901 2412 comminaretur,
935 2362 1073 2414 quod,
1106 2361 1195 2401 nisi
1228 2361 1512 2401 uoluntatem
1549 2374 1680 2401 suam
1714 2361 1928 2411 facerent,
1963 2361 2101 2413 quod,
2132 2359 2179 2399 in

526 2437 751 2486 quantum
786 2439 952 2487 posset,
994 2437 1151 2474 contra
1193 2446 1413 2486 personas
1446 2433 1493 2473 in
1526 2434 1719 2475 abbacia
1753 2433 1994 2474 existentes
2027 2444 2180 2486 proce-

525 2507 650 2546 deret
703 2506 913 2546 indilate:
977 2519 1081 2559 qua
1135 2505 1582 2547 comminatione
1635 2506 1732 2547 siue
1785 2505 1955 2552 iniuria
2009 2504 2176 2551 audita,

525 2577 669 2617 abbas
717 2581 757 2617 et
805 2582 1083 2630 conuentus,
1139 2578 1351 2629 scientes,
1413 2580 1536 2631 quod
1586 2578 1859 2632 priuilegiati
1907 2581 2057 2619 essent
2101 2589 2179 2630 per

526 2663 734 2690 summos
782 2650 1043 2703 pontifices,
1099 2663 1155 2690 ne
1210 2651 1405 2691 alicuius
1462 2651 1691 2692 sentencie
1750 2651 1938 2692 uinculo
1985 2663 2010 2690 a
2057 2649 2176 2690 dicto

525 2722 742 2775 episcopo
783 2736 866 2776 pro
908 2723 1110 2776 predicta
1150 2736 1289 2763 causa
1330 2727 1517 2775 possent
1548 2723 1777 2775 innodari,
1824 2722 2035 2764 unanimi
2075 2734 2177 2762 con-

615 2905 675 2940 16.
719 2905 909 2940 amicicia
951 2903 1015 2949 08,
1061 2905 1228 2940 correxi.
1308 2905 1368 2941 18.
1414 2905 1659 2951 prouisione
1697 2903 1762 2950 08,
1806 2916 1907 2941 corr.
1949 2904 2174 2952 Lanqebelc.

527 2961 589 2996 22.
629 2961 672 2996 in
711 2960 765 3009 (i)
806 2961 1038 3007 Lanqebelc3
1083 2966 1101 2999 7
1131 2960 1196 3010 (z
1219 2960 1273 3009 et)
1313 2960 1377 2998 08.
1463 2964 1556 3008 posl
1597 2963 1795 2998 monachi
1836 2963 1877 2998 in
1915 2963 1998 3008 fine
2040 2971 2175 2998 versus

524 3018 703 3063 spatium
737 3029 911 3054 vacuum
944 3021 1040 3064 erat,
1087 3030 1163 3064 per
1196 3019 1304 3064 quod
1336 3017 1391 3055 0⁸
1421 3019 1572 3055 lineam
1604 3020 1730 3055 duxit.
1806 3020 1869 3055 29.
1902 3019 2017 3066 quod
2050 3019 2175 3054 altero

526 3075 610 3111 loco
642 3086 993 3123 superuacaneum
1027 3079 1093 3112 est.
1158 3076 1220 3112 31.
1254 3087 1335 3123 qua
1370 3074 1443 3121 C83
1476 3077 1619 3113 rectius
1653 3077 1732 3114 hac
1763 3076 2012 3113 scriberetur,
