2242 3551
505 208 564 236 DE
596 206 879 236 ExvasmNE
913 203 1126 236 FRATvaffl
1160 206 1370 235 MiNoavm
1688 195 1770 235 353

106 327 249 365 tector
280 322 589 363 hereticorum
622 325 664 362 et
695 321 792 374 ipse
824 321 1202 372 hereticissimus,
1235 321 1488 374 accepisset
1519 321 1574 361 30
1600 321 1773 362 litteras

108 409 131 437 a
165 407 266 448 rege
301 395 544 436 Frederico
577 407 715 447 super
748 393 1018 448 expulsione
1058 393 1253 434 fratrum
1295 394 1531 435 minorum
1574 395 1629 434 de
1662 406 1770 434 con-

109 472 249 510 uentu
283 467 629 519 Randrusiensi,
663 466 787 507 misit
818 467 1072 520 prefectum
1106 480 1244 507 suum
1279 466 1602 507 Randrusiam.
1664 467 1770 517 Qui,

109 543 283 583 intrans
323 540 571 582 cenobium
612 543 823 580 nostrum
866 552 972 580 cum
1011 540 1289 592 proconsule
1322 543 1364 580 et
1397 539 1597 592 prefecto
1631 540 1771 589 vrbis,

105 614 377 656 ostendebat
408 613 579 653 litteras
611 613 773 664 regias,
821 612 991 665 quibus
1031 611 1368 682 continebatur,
1414 613 1652 666 quomodo
1692 626 1771 653 rex

110 687 378 728 Fredericus
432 686 533 726 loco
589 689 847 725 conuentus
902 685 1288 756 Flensbufgensis
1343 690 1384 726 et
1445 686 1491 726 in
1554 698 1771 738 compen-

106 760 331 801 sationem
379 758 546 799 diutini
594 757 789 810 seruitii,
845 760 970 812 quod
1025 758 1310 824 exhibuisset
1357 758 1476 811 regie
1523 758 1765 805 maiestati,

106 821 169 886 <ei
205 834 469 873 conuentum
509 830 699 882 fratrum
740 831 964 871 minorum
997 825 1365 893 Rancss'rusiensem
1407 832 1522 872 dono
1555 818 1772 885 dedisset>

108 906 289 957 Quibus
330 903 626 957 gum-dianus,
674 917 840 958 nempe
878 905 1084 946 Joannes
1118 904 1304 958 ,Jodocj,
1351 904 1675 958 respondebat,
1724 917 1770 945 se

108 991 402 1032 nequaquam
436 973 732 1031 conuenlltum
771 990 909 1017 suum
943 982 1129 1032 propte*
1161 978 1245 1018 has
1278 978 1451 1018 litteras
1483 978 1765 1018 relicturum.

109 1052 190 1093 Cui
230 1051 314 1091 illi:
368 1051 495 1091 »Non
537 1050 665 1103 plus«
709 1048 957 1104 (inquiunt)
1007 1034 1166 1105 »cunis
1205 1051 1379 1103 regiam
1423 1050 1764 1091 maiestateni‘?«

108 1124 289 1175 Quibus
329 1124 424 1165 ille:
478 1123 663 1175 »Regie«
707 1120 888 1177 (inquit)
934 1124 1187 1164 »maiestati
1230 1124 1435 1165 debitam
1478 1123 1768 1165 exhibiturus

106 1210 208 1237 sum
256 1197 604 1237 reuerentiam.«
672 1196 896 1237 Dixerunt
942 1196 1080 1250 igitur
1121 1197 1183 1238 ei:
1239 1198 1371 1238 »Pete
1412 1197 1682 1238 dilationem
1724 1196 1771 1237 in

104 1269 292 1323 aliquod
334 1274 568 1323 tempus«;
615 1270 740 1324 quod
788 1274 829 1310 et
866 1270 983 1311 fecit.
1047 1270 1210 1311 Statim
1258 1274 1586 1311 concesserunt
1633 1270 1770 1322 igitur

106 1343 170 1383 eis
210 1342 479 1383 dilationem
526 1355 671 1397 vsque
708 1343 756 1382 in
796 1343 1081 1384 dominicam
1123 1347 1413 1397 sequentem3
1462 1356 1553 1396 qua
1601 1347 1644 1383 et
1691 1356 1769 1384 eos

108 1417 196 1456 hoc
228 1416 389 1456 ordine
422 1416 708 1469 expulerunt.
759 1416 875 1457 Cum
904 1417 1027 1457 enim
1053 1417 1192 1457 frater
1213 1416 1536 1457 Hennichinus
1562 1415 1771 1469 proditor

106 1489 311 1529 audisset
348 1489 658 1542 guardianum
700 1489 903 1542 portario
944 1489 991 1529 in
1032 1489 1210 1530 ambitu
1250 1489 1494 1541 dicentem,
1542 1502 1598 1529 ne
1642 1490 1770 1537 hora,

107 1575 198 1616 qua
255 1566 622 1615 superuenturus
677 1566 793 1602 esset
847 1562 1076 1616 prefectus
1138 1562 1263 1603 vrbis
1324 1576 1431 1603 cum
1494 1562 1655 1603 ceteris
1713 1563 1769 1602 ad

106 1635 432 1688 expellendum
480 1635 662 1687 fratres,
715 1639 897 1688 portam
945 1635 1161 1689 aperiret,
1219 1635 1361 1676 exiuit
1407 1636 1465 1677 ad
1514 1636 1768 1689 prefectum

107 1708 246 1760 vrbis,
278 1708 436 1748 dicens
467 1707 521 1759 ei,
553 1709 678 1761 quod
710 1708 993 1761 guardianus
1027 1709 1168 1750 nollet
1200 1709 1239 1750 ei
1267 1710 1391 1762 apud
1419 1713 1601 1762 portam
1628 1708 1768 1762 loqui,

107 1782 185 1821 sed
219 1780 266 1821 in
299 1780 489 1821 ecclesia
521 1781 646 1833 apud
679 1782 922 1822 cancellos.
984 1781 1184 1823 Veniens
1216 1782 1353 1835 igitur
1386 1782 1613 1834 prefectus
1646 1781 1771 1822 vrbis

109 1858 149 1894 et
190 1857 371 1907 portam
410 1853 614 1906 pulsans,
664 1853 788 1894 misit
834 1867 940 1894 eum
988 1854 1126 1895 frater
1173 1855 1387 1896 Clemens
1435 1855 1664 1908 portarius
1712 1855 1769 1895 ad

105 1927 349 1977 cancellos,
389 1928 562 1968 vadens
594 1928 652 1967 ad
686 1928 949 1968 vocandum
983 1927 1305 1980 guardianum.
1370 1928 1553 1978 Quibus
1584 1926 1768 1967 interim

106 1999 287 2053 aperuit
318 2000 546 2040 cancellos
580 1999 718 2040 frater
753 2000 1087 2041 Hennichinus.
1151 2001 1243 2051 Qui
1285 2001 1533 2041 cenobium
1576 2000 1770 2052 ingressi

107 2076 150 2112 et
180 2072 384 2125 portario
417 2085 523 2113 cum
557 2072 813 2124 guardiano
846 2072 892 2113 in
926 2073 1104 2113 ambitu
1137 2073 1381 2114 obuiantes
1414 2073 1771 2126 postulauerunt

107 2142 443 2199 guardi!!anum,
491 2149 537 2185 vt
574 2145 708 2197 regiis
748 2145 907 2186 litteris
949 2146 1042 2186 iam
1085 2146 1378 2186 satisfaceret.
1442 2145 1625 2196 Quibus
1674 2146 1767 2187 ille:

113 2218 468 2272 »Nequaquam«
532 2216 712 2273 (inquit)
780 2223 990 2272 »propter
1050 2219 1135 2259 has
1196 2218 1368 2259 litteras
1430 2219 1766 2260 monasterium

109 2293 319 2331 nostrum
352 2291 551 2331 relicturi
584 2304 786 2332 sumus.«
840 2291 924 2333 Cui
956 2291 1100 2331 iratus
1132 2291 1360 2344 prefectus
1392 2291 1769 2332 comminabatur

108 2361 149 2402 ei
188 2363 378 2415 perinde
417 2376 471 2404 ac
508 2363 626 2415 regie
674 2364 901 2404 maiestati
947 2363 1128 2413 rebelli;
1177 2367 1218 2403 et
1259 2349 1405 2418 (cum)
1445 2364 1596 2416 egredi
1637 2365 1771 2405 vellet

109 2446 215 2474 cum
261 2435 421 2476 ceteris
470 2436 625 2476 multis
673 2450 753 2490 per
799 2437 1028 2477 cancellos
1075 2437 1386 2489 introgressis,
1442 2441 1483 2477 et
1538 2438 1767 2490 portarius

199 2569 232 2604 1.
266 2566 310 2604 3⁰
334 2570 403 2615 W,
436 2569 559 2605 tertio
587 2569 669 2606 BC.
733 2570 853 2606 7—8.
882 2572 977 2616 post
1007 2570 1214 2606 maiestati
1247 2569 1404 2616 aliquid
1435 2570 1627 2606 excidisse
1657 2571 1770 2606 intel-

109 2624 262 2661 lexerat
304 2625 453 2671 Arnas,
502 2627 572 2673 qui
617 2627 657 2663 in
706 2627 896 2674 margine
935 2628 968 2663 B
1007 2627 1241 2664 adnotavit:
1289 2627 1424 2664 deest:
1473 2627 1766 2664 Cenobium

113 2682 510 2720 Randrusiense
551 2684 596 2720 ei
637 2684 874 2721 dedisset
907 2685 971 2721 vel
1011 2685 1148 2721 simile
1180 2685 1300 2731 quid3
1348 2685 1434 2720 haec
1476 2684 1595 2720 verba
1636 2685 1768 2721 scriba

109 2740 192 2776 cod.
226 2740 260 2776 C
293 2741 334 2776 in
369 2743 520 2777 textum
553 2744 766 2788 receperat,
812 2742 882 2778 sed
913 2742 1050 2778 Arnas
1084 2742 1189 2779 1726
1228 2753 1273 2778 ea
1315 2743 1430 2778 uncis
1464 2742 1628 2778 inclusit
1657 2745 1694 2778 et
1727 2743 1766 2779 in

109 2806 239 2842 marg).
271 2798 447 2844 scripsit:
495 2799 730 2835 collocetur
762 2800 802 2835 in
836 2800 1037 2847 margine,
1083 2800 1236 2835 etenim
1271 2800 1515 2836 coniectura
1548 2802 1624 2846 est,
1672 2811 1768 2846 quae

110 2853 152 2889 in
193 2854 339 2891 codice
381 2867 464 2891 non
512 2859 634 2892 extat.
694 2856 741 2892 In
790 2856 936 2893 lacuna
982 2856 1211 2903 supplenda
1255 2856 1340 2902 fere
1380 2857 1413 2892 K
1459 2859 1617 2908 secutus
1663 2868 1767 2894 sum.

111 2910 147 2946 9.
185 2912 368 2948 Jaannes
410 2913 443 2949 K
487 2924 623 2949 errore
669 2916 748 2959 typ.
828 2916 890 2951 14.
932 2914 1029 2950 fecit
1075 2914 1227 2958 statim,
1275 2918 1578 2950 concesserunt
1627 2913 1768 2960 interp.

111 2967 244 3004 Arnas
278 2969 319 3005 in
354 2970 400 3013 Β,
446 2981 518 3006 nec
548 2971 723 3006 correxit
754 2971 795 3006 in
828 2971 872 3007 C.
951 2972 1014 3008 23.
1048 2971 1223 3015 Quibus,
1269 2971 1291 3007 i.
1324 2982 1353 3007 e.
1386 2971 1573 3017 prefecto
1607 2975 1647 3008 et
1678 2973 1767 3008 suis

110 3026 347 3062 comitibus.
422 3028 487 3064 29.
521 3038 615 3063 cum
650 3039 730 3065 om.
764 3028 867 3073 WB,
900 3028 1224 3074 interpunctione
1255 3031 1292 3064 et
1321 3030 1415 3064 ante
1446 3031 1483 3064 et
1509 3032 1603 3075 post
1635 3030 1767 3065 Intro-

111 3083 265 3127 gressis
293 3084 446 3130 posita;
478 3085 519 3120 in
553 3084 587 3121 C
619 3085 754 3121 Arnus
786 3096 881 3121 cum
915 3086 1075 3122 addidit
1104 3087 1141 3122 et
1171 3086 1272 3121 recte
1304 3086 1567 3132 interpunxit.

180 3163 282 3194 Script.
303 3164 369 3188 hist.
390 3165 463 3189 Dan.
484 3165 620 3189 minores.
1518 3155 1560 3185 23

1797 984 1837 1015 10
1867 983 1930 1015 fol.
1948 980 2014 1015 ῙἹΓ.

1794 2077 1838 2109 25

1796 2153 1856 2185 fol.
1874 2150 1943 2188 17v.

1794 2446 1836 2477 30
