2242 3551
397 998 439 1028 10

392 1450 434 1480 15

388 1812 430 1843 20

474 204 557 244 482
785 214 1062 244 sempronsss
1094 214 1323 244 HisromAE
1355 214 1533 243 DANICAE
1564 215 1764 245 iunones

474 329 673 381 dixistis,
728 341 778 369 ea
826 328 1069 369 occasione
1116 342 1297 370 moram
1344 329 1561 370 ueniendi
1609 330 1877 383 nexuimus,
1927 335 1976 371 ut
2021 331 2129 373 fidei

472 406 626 443 nostre
665 401 944 455 promissam
984 401 1293 443 constantiam
1331 402 1406 442 uel
1438 406 1563 442 metu
1596 402 1669 443 uel
1702 402 1970 455 penitudine
2002 404 2127 445 ducti

471 478 780 524 mutaremus3
814 487 977 515 uerum
1009 478 1170 515 contra
1202 474 1299 514 uim
1324 478 1571 515 uentorum
1598 474 1831 529 marisque
1855 475 2126 517 uiolentiam

470 547 589 588 ultra
635 547 893 587 humanam
933 546 1029 588 fore
1066 547 1285 588 uirtutem
1326 547 1565 588 colluctari
1605 547 1910 588 decernimus.
1975 548 2126 589 Solius

470 619 593 660 enim
625 619 697 660 dei
731 620 933 673 potentia
966 623 1131 661 uentos
1162 619 1315 673 placat
1347 624 1388 660 et
1420 619 1566 660 maria
1599 620 1740 672 sedat,
1774 624 1825 661 ut
1847 619 1968 661 sicco
1992 620 2127 662 liceat

468 693 662 734 transire
694 692 901 745 uestigio.
965 693 1083 733 Illud
1125 692 1281 745 utique
1323 692 1545 733 usitatum
1578 692 1879 746 prouerbium
1913 698 2123 734 nostrum

468 778 562 806 non
593 765 723 817 fallit,
763 778 856 820 quo
889 765 1074 806 dicitur:
1120 763 1334 806 ‘Bieendr
1365 765 1451 818 hyr
1483 765 1597 817 eigo,
1630 778 1686 806 en
1718 764 1869 806 braiffir
1899 764 2121 807 androe'r‘.

467 839 811 890 Verumtamen,
844 851 900 879 ne
932 851 1018 879 nos
1049 838 1230 878 timoris
1263 838 1335 879 uel
1359 837 1539 891 pigritie
1562 842 1671 879 nota
1694 838 1932 891 deformet,
1963 843 2122 879 contra

465 910 691 952 rationem
739 911 822 951 niti
868 915 1060 964 oportet,
1106 915 1155 951 ut
1201 911 1388 951 illorum
1436 911 1600 951 solatio
1647 911 1954 964 perfruamur,
2006 924 2122 965 quos

465 983 763 1025 affectuosius
795 984 1147 1037 consequendos
1180 983 1537 1024 desideramus«

557 1128 692 1175 Caput
723 1128 884 1164 XVIII.:
917 1127 1039 1172 Quod
1073 1127 1202 1173 Vlfus,
1235 1128 1432 1174 quamuis
1466 1128 1632 1164 Sweino
1665 1127 1922 1175 precederet,
1954 1138 2030 1174 per

722 1185 1023 1232 compendium
1058 1196 1241 1232 sequens
1273 1188 1418 1232 optato
1450 1185 1574 1222 litore
1606 1185 1766 1233 potitus
1798 1188 1870 1222 est.

560 1255 678 1333 His
720 1290 859 1344 igitur
898 1290 1068 1331 auditis
1100 1290 1282 1331 Sweino
1323 1303 1429 1331 cum
1471 1290 1567 1331 suis
1606 1290 1739 1332 funes
1772 1290 1859 1331 sub
1891 1290 2118 1331 celeritate

462 1365 600 1405 soluit
631 1377 657 1404 a
690 1364 835 1416 litore,
881 1364 984 1404 Vlfo
1022 1368 1177 1404 tamen
1216 1363 1371 1403 adhuc
1410 1363 1664 1415 modicum,
1711 1367 1760 1403 ut
1802 1363 1996 1416 putauit,
2044 1363 2119 1403 iter

460 1441 682 1478 morante.
746 1437 921 1487 Quarta
960 1436 1130 1477 etenim
1171 1435 1296 1487 feria,
1340 1436 1455 1476 hora
1501 1435 1592 1476 diei
1633 1440 1795 1489 utputa
1827 1435 1971 1486 tertia,
2019 1436 2117 1476 solo

460 1509 660 1562 nauigio,
693 1511 779 1551 deo
811 1510 1009 1562 desuper
1040 1508 1338 1561 inspectante,
1371 1508 1595 1561 processit
1626 1522 1650 1549 a
1683 1513 1840 1561 portu3
1875 1513 1917 1549 et
1938 1512 2115 1549 vastam

460 1583 559 1623 freti
605 1582 902 1623 tumescentis
949 1581 1239 1622 altitudinem
1279 1580 1539 1633 ingrediens
1577 1594 1662 1622 nec
1698 1581 1816 1633 illos,
1863 1594 1980 1636 quos
2018 1581 2116 1621 reli-

459 1660 633 1709 querat,
665 1655 822 1707 cernit,
855 1655 934 1695 sed
960 1667 1044 1695 nec
1069 1653 1429 1707 precedentium,
1462 1667 1579 1707 quos
1604 1653 1863 1694 incredibili
1888 1653 2114 1694 desiderio

459 1728 715 1780 affectabat,
758 1727 949 1779 uestigia
990 1731 1244 1767 contuetur.
1308 1726 1742 1779 Supramemoratus
1783 1730 1935 1767 autem
1970 1726 2114 1777 Vlfus,

457 1801 560 1842 licet
606 1813 701 1841 non
748 1800 899 1840 subita
946 1799 1246 1840 insectatione
1287 1811 1334 1838 se
1372 1803 1579 1840 moueret
1618 1812 1645 1839 a
1684 1799 1800 1848 loco,
1847 1800 1904 1840 ad
1952 1812 2112 1839 eorum

455 1878 610 1914 tamen
638 1872 924 1923 comitatum,
957 1876 1113 1925 utpote
1145 1871 1217 1912 uir
1248 1882 1416 1923 gnarus
1448 1872 1590 1912 maris
1623 1876 1664 1913 et
1696 1876 1957 1924 uentorum,
1989 1884 2114 1911 acce—

456 1946 637 1997 lerauit;
685 1947 762 1987 sed
803 1945 985 1986 rectiori
1024 1957 1162 1985 cursu
1202 1944 1532 1997 compendium
1566 1944 1777 1998 capiebat
1808 1949 1850 1985 et
1882 1944 1986 1985 illos
2017 1956 2110 1984 non

455 2023 521 2060 est
560 2023 850 2070 consecutus,
897 2031 1014 2071 quos
1053 2021 1246 2057 nouerat
1285 2029 1365 2069 per
1410 2016 1706 2070 dispendium
1755 2017 1951 2070 euagari.
2020 2015 2111 2067 Qui

454 2091 617 2133 eodem
641 2095 793 2143 uento,
815 2104 908 2144 quo
930 2090 978 2130 hi
1001 2091 1026 2139 †
1048 2090 1349 2141 ducebantur,
1373 2091 1430 2130 ad
1453 2094 1663 2143 optatum
1685 2090 1793 2130 litus
1816 2091 2007 2130 eductus
2031 2092 2108 2128 est.

542 2188 574 2223 1.
621 2188 846 2222 occasione
891 2185 930 2221 h.
981 2185 1002 2221 I.
1040 2200 1085 2216 Ξ
1122 2195 1261 2221 causa.
1362 2185 1543 2221 venienti
1561 2184 1599 2233 (ἕ)
1645 2185 1685 2221 S.
1776 2184 1811 2220 3.
1858 2184 1941 2220 vim
1989 2193 2109 2219 voca-

452 2243 642 2291 torum(!)
664 2243 703 2279 S.
766 2245 800 2280 4.
830 2243 1045 2279 collectari
1069 2243 1113 2278 A.
1204 2242 1819 2278 decernimuszarbitramur.
1883 2242 1917 2277 7.
1942 2240 2109 2276 Promer-

453 2300 563 2337 bium
582 2300 873 2346 Norwayicum
896 2301 954 2336 sic
975 2300 1131 2345 scripsi,
1165 2302 1207 2335 ut
1223 2299 1388 2335 Kdlund
1408 2299 1667 2336 scribendum
1691 2310 1773 2335 esse
1793 2298 2105 2339 demonstra11it;

452 2359 633 2395 Bihandi
675 2357 785 2403 M183
833 2358 1010 2394 Bibandi
1054 2355 1129 2402 M23
1175 2357 1377 2403 Bybande
1408 2357 1457 2402 Α;
1504 2357 1659 2393 brader
1701 2357 1794 2392 and'
1828 2356 1942 2392 rod'r
1983 2356 2103 2391 MSA.

449 2415 677 2462 Significat:
724 2416 1002 2462 Expectantes
1043 2417 1215 2450 uentum
1259 2414 1492 2450 secundum
1532 2414 1701 2457 habent,
1748 2414 1819 2450 sed
1860 2413 2105 2449 festinantes

450 2473 674 2510 aduersam
721 2472 1052 2519 remigationem.
1139 2472 1174 2507 9.
1222 2472 1302 2507 nisi
1351 2470 1452 2507 MlS.
1541 2472 1600 2507 10.
1649 2473 1957 2517 consequentes
2002 2480 2104 2506 corr.

450 2531 503 2579 in¹
537 2530 863 2577 consequendos
904 2527 964 2565 Μ2
1015 2532 1088 2565 aut
1138 2528 1220 2564 ium
1266 2528 1358 2565 Joh.
1401 2528 1445 2564 K.
1504 2550 1557 2554 —
1620 2528 1680 2564 13.
1728 2528 1849 2564 funes
1895 2538 1974 2565 om.
2024 2527 2101 2562 KL.

453 2589 629 2624 14—15.
669 2588 748 2624 iter
785 2590 978 2623 morante
1016 2586 1162 2632 scripsi
1205 2584 1320 2633 (nam
1369 2586 1423 2621 ita
1470 2585 1634 2621 demum
1683 2584 1802 2621 verbu
1846 2587 1892 2621 ut
1937 2584 2103 2631 putauit

449 2645 626 2691 intelleyi
662 2643 869 2693 possunt)·,
914 2646 1155 2680 remorante
1199 2644 1245 2679 Ο.
1326 2644 1387 2679 15.
1430 2641 1647 2691 Quanta(!)
1685 2642 1725 2678 S.
1818 2645 1967 2689 utputa
2004 2640 2045 2680 11.
2080 2640 2101 2677 l.

452 2701 615 2739 :fere
696 2702 759 2739 16.
799 2701 951 2737 fastam
992 2701 1050 2745 Μ;
1097 2703 1261 2736 vastum
1295 2701 1339 2736 Α.
1415 2700 1479 2736 20.
1521 2711 1668 2736 eorum
1709 2699 1804 2745 MA3
1849 2699 2021 2735 illorum
2061 2697 2100 2734 S.

447 2759 513 2796 23.
545 2762 835 2806 consequutus
868 2759 955 2795 MA.
1031 2759 1095 2793 24.
1136 2757 1188 2792 ad
1227 2760 1312 2804 opt.
1346 2758 1370 2793 l.
1410 2757 1587 2793 eductus
1627 2759 1708 2793 est:
1753 2755 1840 2792 Iioec
1879 2754 2012 2804 verba,
2060 2756 2102 2790 ut

446 2817 617 2853 adnotat
656 2815 771 2852 Olrik
816 2816 877 2860 (in
925 2815 1105 2851 versione
1146 2813 1338 2859 Damion),
1387 2813 1455 2850 vix
1500 2813 1615 2850 aliud
1660 2813 1894 2860 significare
1928 2814 2102 2858 possunt

446 2882 573 2918 quam,
607 2872 742 2919 Vlfum
785 2873 839 2908 ad
880 2875 1029 2909 terram
1061 2874 1248 2907 sanctam
1276 2870 1388 2917 felici
1418 2871 1684 2918 nauiyatione
1709 2870 1965 2916 peruenisse;
2011 2868 2099 2904 ideo

446 2930 529 2966 eius
560 2930 730 2967 historia
762 2930 840 2966 hoc
872 2930 956 2966 loco
985 2928 1149 2976 finitum
1196 2929 1265 2964 secl
1300 2928 1337 2964 si
1377 2927 1430 2964 ila
1463 2931 1530 2973 est,
1576 2927 1667 2973 sieri
1706 2927 1775 2963 via:
1810 2928 1951 2973 potest,
1998 2925 2096 2972 quin

446 2988 639 3023 mendum
687 2986 806 3025 verbo
852 2987 1118 3023 ducebantur
1163 2985 1277 3030 insit,
1327 2996 1419 3021 cum
1466 2985 1682 3020 Danorum
1729 2985 1914 3028 euentus,
1963 2985 2007 3019 ut
2048 2992 2099 3017 ex

443 3043 700 3090 sequentibus
741 3047 925 3093 apparet,
971 3043 1023 3079 ab
1065 3043 1149 3079 eius
1187 3042 1378 3088 felicitate
1412 3042 1540 3087 plane
1578 3041 1764 3077 diuersus
1799 3040 1934 3087 fuerit.
1995 3038 2096 3075 Mihi

444 3100 606 3145 quidem
644 3101 728 3146 fere
767 3104 919 3137 certum
960 3103 1027 3144 est,
1076 3099 1387 3136 diducebantur
1426 3098 1466 3146 (i.
1500 3109 1530 3135 e.
1565 3096 1885 3145 disiciebantur)
1923 3095 2096 3133 scriben-

444 3157 542 3193 dum
575 3168 667 3194 esse.
698 3178 752 3183 -
