2242 3551
299 479 359 510 fol.
375 474 443 508 55¹⁴.

402 981 442 1010 lt>

293 1275 354 1306 fol.
370 1268 441 1302 55‘.

400 1348 440 1378 15

399 2079 440 2108 25

295 2224 356 2254 fol.
372 2219 440 2254 56?

472 202 555 240 41ss
783 209 1058 239 SCRIPTORES
1091 209 1319 238 HISTORIAE
1353 208 1529 237 DANICAE
1562 208 1761 236 MINOHES

472 328 588 367 tradi
629 338 736 366 cum
776 336 946 364 corona
985 324 1135 375 regale
1176 336 1256 373 sue
1295 323 1501 373 custodie
1549 323 1851 363 commissum
1896 326 2126 376 sceptrum

472 404 514 440 et
545 412 592 439 se
624 397 730 438 duci
764 397 822 436 ab
855 397 1032 447 eodem,
1065 396 1172 448 quia
1206 396 1264 436 ab
1297 395 1387 436 alio
1420 408 1514 436 non
1546 395 1614 435 fas
1647 395 1808 447 fuerat,
1850 395 1898 435 in
1930 395 2128 436 sublime

473 471 598 523 regni
643 468 655 524 11
700 469 881 510 solium.
957 469 1161 520 Abnegat
1207 468 1605 521 archiepiscopus,
1653 468 1739 508 sub
1786 467 1884 508 iure
1931 467 2127 508 iurando

472 556 681 585 asserens
729 555 775 582 se
823 542 1056 582 neminem
1104 541 1247 581 alium
1296 541 1341 581 in
1376 551 1542 592 regem,
1595 540 1702 580 filiis
1749 540 1902 592 regine
1950 539 2127 594 EMME

472 615 762 666 uiuentibus,
785 614 974 654 laudare
1008 599 1158 667 <uelle>
1190 614 1265 654 uel
1294 612 1582 654 benedicere:
1622 613 1768 653 »Hos«
1792 599 1980 667 <inquit>
2004 626 2127 664 »mee

474 689 577 729 fidei
619 687 824 729 CNVTO
864 686 1117 736 commisit,
1165 687 1236 726 his
1277 687 1416 727 fidem
1459 687 1619 738 debeo,
1668 690 1709 725 et
1748 686 1818 725 his
1858 685 2126 726 fidelitatem

471 761 679 802 seruabo.
745 760 983 813 Sceptrum
1017 745 1163 812 <cum>
1197 772 1366 799 corona
1401 771 1532 799 sacro
1565 758 1697 798 altari
1729 758 1935 811 impono,
1975 762 2016 798 et
2048 759 2128 798 hec

473 834 550 874 tibi
594 846 677 874 nec
718 834 893 884 denego
936 844 1019 872 uec
1050 833 1204 882 trado,
1253 832 1330 872 sed
1375 830 1603 884 episcopis
1646 830 1880 880 omnibus,
1927 843 1984 871 ne
2024 831 2126 884 quis

470 920 630 947 eorum
664 919 714 946 ea
747 905 876 945 tollat
907 905 1050 945 tihiue
1082 905 1232 945 tradat
1262 908 1363 944 teue
1392 903 1646 952 benedicat,
1679 902 1931 956 apostolica
1961 904 2128 944 autori-

470 963 558 1020 tate
590 977 834 1027 interdico,
881 982 929 1018 tu
964 990 1089 1029 uero,
1122 978 1159 1017 si
1192 976 1434 1030 presumis,
1468 977 1591 1030 quod
1626 977 1712 1016 deo
1745 988 1996 1030 menseque
2029 976 2126 1017 eius

470 1051 703 1103 commisi,
756 1050 1011 1091 inuaditoi«
1101 1049 1221 1100 Quid
1271 1049 1411 1090 miser
1457 1053 1628 1102 ageret,
1684 1062 1776 1102 quo
1825 1061 1871 1089 se
1918 1052 2126 1099 uerteret,

468 1124 722 1177 ignorabat.
816 1123 1077 1163 Intentabat
1122 1121 1294 1171 minas,
1349 1126 1391 1163 et
1437 1121 1553 1162 nihil
1600 1121 1812 1175 profecit;
1869 1122 2127 1175 spondebat

470 1210 676 1249 munera,
724 1201 764 1236 et
798 1195 861 1236 nil
894 1196 1098 1236 lucratus
1130 1194 1297 1244 doluit,
1345 1194 1568 1249 quoniam
1612 1194 1683 1234 uir
1720 1194 2003 1247 apostolicus
2044 1207 2127 1235 nec

469 1271 653 1311 ualebat
685 1269 823 1309 minis
856 1268 972 1309 deici
1006 1281 1089 1308 nec
1122 1267 1394 1308 muneribus
1418 1267 1551 1308 flecti.
1579 1264 1590 1321 11
1615 1268 1823 1307 Tandem
1858 1267 2126 1320 desperatus

468 1342 687 1384 abscessit
727 1345 769 1382 et
809 1341 1118 1394 episcopalem
1160 1340 1530 1381 benedictionem
1569 1340 1684 1381 adeo
1717 1340 1904 1393 spreuit,
1951 1345 2001 1380 ut
2032 1353 2125 1381 non

469 1416 618 1456 solum
662 1415 809 1468 ipsam
853 1414 1000 1454 odiret
1039 1414 1423 1465 benedictionem,
1472 1423 1635 1453 uerum
1677 1412 1813 1453 etiam
1854 1413 2123 1453 uniuersam

470 1489 643 1540 fugeret
674 1486 1021 1527 christianitatis
1054 1486 1335 1538 religionem.
1386 1486 1597 1539 Namque
1630 1486 1743 1525 dum
1776 1485 1852 1525 alii
1883 1485 2121 1536 ecclesiam

469 1561 720 1601 christiano
754 1572 881 1599 more
914 1559 1105 1599 missam
1146 1558 1306 1599 audire
1347 1558 1675 1609 subintrarent,
1723 1559 1819 1611 ipse
1862 1563 1940 1598 aut
1981 1550 2135 1599 saltus*

469 1633 662 1673 canibus
705 1633 762 1672 ad
811 1633 1079 1672 uenandum
1119 1631 1261 1672 cinxit
1300 1636 1377 1671 aut
1417 1630 1701 1685 quibuslibet
1741 1631 1843 1671 aliis
1887 1630 2124 1671 uilissimis

399 1719 404 1727 ·
468 1706 604 1745 rebus
638 1718 735 1745 sese
767 1704 1028 1758 occupauit,
1062 1709 1109 1744 ut
1140 1708 1319 1744 tantum
1353 1703 1583 1744 declinare
1617 1707 1783 1757 posset,
1816 1705 1940 1757 quod
1964 1704 2123 1744 odiuit.

469 1778 601 1828 Quod
652 1777 783 1829 Angli
832 1777 1040 1817 uidentes
1087 1777 1323 1821 dolebant
1382 1777 1459 1817 sed
1507 1777 1615 1830 quia
1663 1777 1790 1817 hunc
1836 1776 1922 1817 sibi
1972 1788 2121 1828 regem

468 1851 714 1902 elegerant,
777 1851 902 1890 hunc
955 1850 1239 1890 erubuerunt
1294 1849 1490 1900 deicere,
1552 1849 1749 1902 ideoque
1796 1849 2124 1902 disposuerunt

469 1924 593 1962 huuc
625 1922 711 1962 sibi
745 1934 895 1974 regem
930 1922 1156 1963 finetenus
1189 1935 1298 1963 esse.

553 1997 590 2035 2.
656 1995 856 2035 Domina
889 1999 1041 2036 autem
1076 1995 1232 2046 regina
1264 1995 1440 2035 EMMA
1473 1994 1607 2035 tacite
1640 1995 1811 2035 exitum
1846 1995 1909 2035 rei
1943 2008 2123 2048 exspec-

468 2068 605 2118 tabat,
653 2071 695 2108 et
733 2068 1067 2122 aliquantisper
1100 2066 1295 2108 sollicita
1328 2067 1553 2107 auxilium
1586 2067 1659 2107 dei
1692 2067 1858 2108 cotidie
1891 2067 2120 2107 exorabat.

469 2140 523 2179 At
568 2140 644 2180 ille
691 2141 824 2191 clam,
872 2140 979 2194 quia
1021 2142 1231 2180 nondum
1271 2140 1426 2193 palam
1473 2140 1686 2192 audebat,
1734 2140 1887 2192 regine
1930 2140 2123 2180 insidias

469 2212 763 2262 moliebatur,
802 2210 813 2265 11
855 2214 954 2265 sed,
1003 2217 1050 2253 ut
1098 2213 1162 2252 illi
1204 2216 1404 2264 noceret,
1453 2225 1478 2253 a
1526 2212 1712 2253 nemine
1759 2213 2120 2265 permittebatur.

470 2285 599 2325 Unde
631 2285 720 2337 ille,
763 2298 867 2325 cum
910 2285 1004 2325 suis
1038 2285 1198 2338 iniquo
1231 2285 1485 2337 excogitato
1518 2285 1726 2336 consilio,
1770 2289 1902 2325 natos
1935 2284 2122 2334 domine

468 2369 547 2406 sue
588 2357 773 2397 uolebat
811 2358 1079 2410 interficere,
1128 2362 1176 2397 ut
1223 2357 1287 2397 sic
1333 2370 1521 2398 securus
1569 2358 1786 2411 deinceps
1813 2344 1878 2398 ¹in
1923 2357 2121 2411 peccatis

554 2502 589 2538 3.
628 2504 722 2547 post
751 2502 937 2549 Abnegat
976 2503 1016 2537 in
1049 2502 1081 2537 Α
1121 2513 1283 2537 erasum
1317 2504 1374 2537 esi
1405 2502 1645 2538 vocabulum
1680 2513 1700 2538 a
1723 2504 1838 2538 ....Ι’
1867 2502 1968 2546 (sine
1999 2500 2122 2537 dubio

469 2560 655 2594 ileratum
689 2558 905 2608 archieps).
974 2560 1004 2595 4.
1037 2568 1161 2605 regne
1193 2560 1238 2603 Α,
1269 2570 1370 2595 corr.
1404 2557 1468 2597 Al.
1533 2561 1567 2595 5.
1600 2560 1709 2595 uelle
1741 2559 1893 2595 addidi.
1985 2558 2122 2605 inquit

432 2663 436 2666 ‘
468 2615 620 2652 addidi.
699 2617 733 2652 6.
762 2619 857 2663 post
887 2617 1011 2653 fidem
1046 2616 1087 2652 in
1121 2617 1154 2652 Α
1193 2617 1334 2652 vocula
1374 2616 1512 2662 aliqua
1545 2627 1662 2652 erasa
1694 2618 1762 2652 est.
1837 2617 1871 2652 7.
1904 2619 2118 2662 sceptrum

468 2683 563 2708 curn
592 2682 753 2709 corona
785 2674 947 2720 scripsi,
985 2676 1153 2720 sceptrfi
1185 2679 1344 2709 corona,
1374 2674 1465 2718 AP3
1494 2676 1586 2720 post
1615 2676 1829 2720 sceptrum
1862 2672 1915 2709 .ὶὶ2
1947 2673 2038 2709 add.
2070 2676 2120 2717 et,

469 2729 561 2765 item
589 2730 634 2765 D.
723 2731 798 2776 hec
829 2731 993 2777 scripsi,
1025 2731 1108 2766 hoc
1132 2730 1251 2766 APD.
1317 2732 1378 2767 12.
1412 2731 1650 2777 spondebat
1666 2731 1753 2775 AP,
1786 2730 2049 2777 expendebat
2075 2730 2120 2766 D.

473 2786 534 2822 13.
566 2791 633 2832 qffi
656 2788 707 2832 Α;
744 2788 817 2834 qui
844 2789 886 2823 P.
950 2789 1011 2824 14.
1045 2788 1154 2823 flecti
1189 2787 1229 2823 in
1265 2787 1347 2823 imo
1379 2788 1567 2833 mc11¹9i11e
1598 2786 1778 2823 add.A1.
1842 2788 1904 2824 15.
1939 2787 2120 2823 abcessit

468 2843 547 2879 ΑΡ.
612 2844 675 2880 17.
711 2845 816 2881 Nam
852 2846 894 2882 Ρ.
960 2846 1024 2881 18.
1059 2845 1206 2881 audire
1239 2845 1289 2890 Α;
1336 2845 1478 2880 malim
1512 2845 1709 2881 audituri.
1776 2845 1953 2881 18—19.
1988 2844 2119 2880 saltus

470 2900 672 2945 ..cinxit,
718 2900 788 2947 cfr.
827 2902 968 2947 Veryil.
1005 2901 1084 2938 ΕΟΖ.
1119 2902 1180 2948 10,
1205 2902 1281 2948 57,·
1325 2901 1415 2941 AEn.
1450 2902 1515 2947 IV,
1550 2901 1639 2938 121.
1718 2902 1783 2938 25.
1824 2902 2031 2938 solicitata
2074 2902 2117 2939 Ρ.

471 2955 534 2991 26.
565 2957 742 2994 insidias
766 2959 908 3005 regine
934 2960 976 2995 P.
1039 2960 1102 2995 28.
1128 2959 1276 3005 iniquo
1299 2959 1407 2995 APD
1438 2960 1560 3003 (errat
1582 2958 1695 2995 Pertz
1727 2958 1910 3004 maligno
1942 2957 2119 2994 scribens

471 3015 680 3059 tamquam
713 3025 762 3050 ex
793 3016 851 3060 Α).
928 3017 991 3053 29.
1024 3016 1066 3051 in
1099 3016 1282 3062 peccatis
1315 3016 1478 3059 uiuens,
1525 3018 1568 3051 ut
1607 3015 1754 3062 soepius
1793 3016 1833 3051 in
1873 3015 2043 3060 Vulqata
2075 3015 2116 3050 in

470 3079 580 3115 pecc.
614 3071 722 3106 mori
755 3072 912 3109 dicitnr.
