2242 3551
431 990 472 1021 10

432 1353 473 1383 15

431 1716 475 1747 20

432 2077 475 2108 25

430 2441 473 2473 30

503 199 585 239 244
846 209 1123 239 sempronsss
1156 208 1383 237 HISTORIAE
1417 203 1594 237 DANICAE
1626 207 1826 238 MINORES

500 337 659 365 eorum
693 336 944 365 conuersos
976 323 1288 364 deseruientes
1320 323 1367 363 in
1399 322 1599 375 grangijs
1638 335 1721 376 pro
1762 322 1930 377 quauis
1968 323 2155 372 offensa,

500 396 573 437 uel
606 397 768 450 pocius
801 397 898 437 sine
931 409 1084 446 causa,
1121 408 1227 436 cum
1261 395 1437 436 nullam
1471 395 1680 436 habeatis
1713 394 2077 436 iurisdictionem
2111 395 2155 436 in

498 469 638 522 ipsos,
686 483 779 510 non
821 469 1045 511 ueremini
1085 468 1351 522 pecuniaria
1390 481 1509 522 pena
1542 468 1720 520 punire,
1767 468 1825 508 ad
1858 468 2002 509 instar
2034 481 2157 509 secu-

499 541 665 582 larium
700 546 992 595 potestatum.
1043 542 1129 582 Sed
1164 546 1206 582 et
1237 541 1456 581 dilectum
1490 540 1637 581 filium
1672 544 1897 592 nostrum,
1930 540 2155 594 prefatum

499 614 714 655 abbatem
739 615 852 656 Care
877 615 1044 666 Insule,
1078 628 1131 655 ex
1157 627 1209 655 eo
1234 613 1442 654 dicimini
1472 611 1690 667 (mirabili
1717 610 1894 666 causat)
1925 614 2157 654 sentencia

499 687 996 728 excommunicationis
1034 687 1212 739 ligasse,
1260 686 1368 741 quia
1417 685 1631 726 uidelicet
1677 699 1724 727 se
1771 686 1817 726 in
1865 686 1962 726 suis
1999 685 2158 726 litteris

499 760 715 800 abbatem
755 760 1038 811 denominat,
1086 772 1171 800 nec
1216 772 1311 799 non
1358 762 1401 800 et
1447 762 1731 800 conuentum
1776 758 1930 812 ipsum
1970 771 2053 812 pro
2092 771 2157 810 eo,

499 833 623 886 quod
671 833 906 886 sepulture
952 832 1237 873 tradiderant
1282 831 1422 872 funus
1470 830 1704 872 homicide
1751 831 2009 883 cuiusdam,
2056 835 2158 872 ante

500 904 716 945 ultimum
750 905 842 946 uite
876 918 956 946 sue
988 905 1237 945 articulum
1272 904 1531 958 penitentis,
1578 903 1717 944 simili
1757 904 1990 945 sentencia
2031 903 2158 945 inno·

499 978 654 1019 dastis.
719 978 948 1033 Quodque
986 977 1341 1018 intollerabilius
1381 977 1613 1018 iudicatur
1645 981 1687 1018 et
1718 976 1872 1028 fertur,
1919 976 2157 1030 priuilegia

500 1050 612 1103 ipsis
644 1054 687 1091 et
718 1063 877 1091 eorum
912 1050 1064 1091 ordini
1096 1050 1156 1090 ab
1188 1049 1440 1103 apostolica
1480 1050 1585 1090 sede
1623 1061 1842 1090 concessa
1880 1062 1973 1090 non
2008 1050 2157 1090 solum

500 1123 851 1176 paruipenditis,
898 1127 947 1163 ut
987 1137 1041 1164 ex
1072 1123 1310 1176 premissis
1343 1122 1555 1174 colligere
1587 1126 1736 1175 potest
1767 1122 1888 1163 fidus
1922 1122 2156 1176 interpreS‚

501 1209 663 1237 uerum
697 1195 850 1247 etiam,
897 1197 1020 1249 quod
1054 1196 1312 1236 absurdum
1346 1200 1424 1247 est,
1472 1208 1526 1236 ex
1565 1195 1836 1236 huiusmodi
1868 1195 2158 1249 aliorumque

499 1268 704 1309 illatione
727 1269 1053 1320 grauaminum
1077 1268 1279 1309 nitimini
1302 1268 1530 1322 prefatum
1554 1268 1889 1309 monasterium
1908 1269 2156 1310 annullare.

501 1340 587 1382 Sed
611 1353 696 1382 nec
718 1341 1125 1394 pretereundumo)
1149 1345 1215 1382 est
1240 1341 1377 1381 etiam
1404 1354 1497 1382 non
1519 1345 1614 1382 tam
1639 1340 1852 1381 ludubris
1869 1353 2010 1394 quam
2034 1341 2158 1394 lugu-

501 1414 595 1454 bris
627 1414 704 1454 illa
738 1415 971 1455 sentencia
1004 1418 1170 1466 uestra,
1218 1414 1255 1455 si
1297 1414 1461 1455 debeat
1501 1413 1732 1455 sentencie
1764 1414 1952 1455 nomine
1984 1426 2157 1454 nuncu-

502 1487 613 1540 pari,
646 1500 736 1541 qua
770 1487 1010 1541 percellitis
1033 1487 1275 1542 quoslibet,
1308 1487 1386 1542 qui
1411 1487 1576 1540 missas
1601 1487 1940 1528 monachorum
1964 1486 2158 1527 audiunt

501 1560 841 1601 celebrancium
882 1560 1134 1614 aliquando
1174 1564 1297 1600 extra
1331 1560 1598 1611 claustrum,
1645 1559 1864 1613 ipsosque
1903 1560 2156 1601 monachos

501 1645 583 1685 pro
616 1632 760 1679 libito,
793 1632 938 1673 immo
972 1646 1054 1686 pro
1088 1632 1341 1673 uoluntatis
1374 1632 1578 1684 libidine,
1611 1633 1837 1685 corrigere
1866 1632 2156 1685 attemptatis,

502 1705 703 1746 fastuose
726 1718 779 1746 ac
802 1705 1060 1758 ampullose
1084 1706 1295 1758 dicendo,
1328 1709 1378 1745 ut
1408 1705 1600 1746 licencia
1633 1706 1765 1746 detur
1797 1704 1965 1757 uerbis,
1997 1717 2155 1745 eorum

502 1790 586 1819 uos
619 1778 785 1819 debere
819 1791 968 1819 mores
1001 1778 1240 1831 corrigere,
1279 1779 1444 1819 domos
1478 1778 1615 1818 etiam
1649 1778 1848 1819 uisitare.
1912 1778 2154 1829 Quendam

501 1851 655 1891 adhuc
707 1864 867 1892 eorum
920 1852 1312 1892 commonachum
1368 1851 1675 1902 sacerdotem,
1730 1851 1899 1892 Scalmi
1956 1850 2155 1902 nomine,

502 1923 627 1963 nulla
661 1924 924 1964 reuerencia
957 1923 1109 1964 debita
1144 1923 1230 1977 pijs
1262 1923 1374 1964 locis
1407 1927 1602 1972 seruata,
1646 1924 1724 1964 sed
1767 1928 1809 1965 et
1841 1924 1978 1964 etiam
2012 1922 2156 1976 ponti-

502 1996 623 2036 ficati
663 1996 885 2048 grauitate
923 1996 1141 2047 obmissa,
1189 1997 1245 2037 de
1283 1996 1517 2037 cemiterio
1558 1996 1814 2037 extraxistis
1859 2009 1938 2036 seu
1981 1995 2155 2036 extrahi

502 2069 836 2119 demandasti83
899 2073 941 2110 et
997 2069 1141 2109 alium
1190 2069 1495 2121 monachum,
1556 2069 1745 2110 nomine
1793 2069 2039 2120 Beronem,
2100 2069 2155 2108 de

501 2141 709 2195 ipsorum
749 2142 876 2182 curia
914 2143 1218 2193 extrahentes,
1257 2153 1311 2182 ac
1351 2141 1535 2182 fratrem
1570 2142 1691 2182 Tuki
1728 2154 2022 2194 conuersum,
2062 2153 2154 2181 non

501 2214 675 2268 absque
730 2214 932 2255 uiolenta
987 2227 1212 2255 manuum
1269 2214 1513 2255 iniectione
1560 2214 1607 2255 in
1654 2214 1800 2268 ipsos,
1862 2213 2032 2255 fecistis
2077 2225 2155 2266 per

502 2290 680 2327 uestros
712 2287 928 2328 satellites
961 2287 1198 2340 captiuari‚
1246 2287 1410 2327 exinde
1441 2287 1653 2340 pecunia,
1694 2286 1832 2327 rebus
1872 2286 2083 2340 plurimis
2114 2288 2155 2326 et

501 2363 700 2412 quatuor
732 2359 861 2413 equis
894 2360 1082 2400 eductis.
1147 2360 1243 2400 Hec
1280 2360 1337 2399 ad
1378 2372 1567 2412 presens
1608 2372 1765 2400 coram
1805 2359 1952 2400 oculis
1991 2357 2154 2399 uestris

500 2432 801 2484 apponimus;
850 2436 890 2472 et
927 2431 1261 2473 nichilominus
1302 2432 1357 2473 de
1391 2432 1622 2473 similibus
1653 2444 1707 2472 ac
1737 2431 2030 2484 grauioribus
2063 2442 2154 2471 non

500 2507 686 2544 tacetur.
749 2505 1007 2558 Appendite
1045 2504 1199 2557 itaque
1238 2504 1285 2544 in
1327 2503 1441 2544 libra
1483 2504 1675 2545 rationis
1706 2504 1910 2557 predicta
1942 2502 2153 2558 quelibet,

500 2580 542 2616 et
574 2576 918 2617 uobiscummet
948 2576 1061 2630 ipsis
1093 2576 1394 2630 disceptando
1427 2577 1484 2617 de
1515 2576 1619 2631 hijs,
1652 2576 1689 2617 si
1718 2590 1826 2618 uera
1852 2580 1972 2628 sunt,
2004 2578 2152 2617 uestra

501 2648 852 2702 circumspectio
885 2649 1069 2701 colligat
1101 2661 1155 2689 ac
1186 2648 1430 2701 discernat,
1478 2653 1521 2689 et
1559 2649 1808 2690 examinati
1839 2648 1995 2702 iudicij
2029 2646 2153 2688 recti-

500 2722 612 2761 tudo
644 2721 691 2761 in
724 2725 907 2774 pectore
940 2725 1093 2762 uestro
1126 2720 1358 2774 dijudicet,
1391 2725 1546 2762 utrum
1578 2721 1687 2762 talia
1712 2721 1909 2762 debeant
1931 2722 1987 2762 de
2012 2718 2154 2774 ponti-

588 2850 623 2886 5.
656 2850 790 2886 sniam
825 2849 889 2895 CS,
928 2861 1029 2886 corr.
1064 2849 1290 2896 Lanyebelc,
1336 2850 1406 2896 qui
1444 2850 1564 2886 etiam
1605 2861 1654 2886 ex
1686 2861 1734 2886 ea
1764 2848 1871 2899 (cum
1905 2850 1995 2887 mir.
2027 2857 2152 2885 causa

503 2905 774 2955 iunyendum)
815 2918 894 2953 pro
941 2918 988 2943 ex
1035 2918 1084 2943 eo
1130 2906 1253 2943 scribi
1298 2907 1432 2944 voluit.
1526 2908 1589 2943 11.
1634 2907 1738 2954 ipsis
1787 2906 2023 2954 Lcmyebelc3
2082 2908 2152 2952 11519

499 2962 538 3011 (i.
579 2974 607 2999 e.
646 2963 796 3012 ipsius)
843 2963 906 3001 C8.
1001 2965 1061 3001 14.
1109 2964 1300 3001 anullare
1347 2962 1410 3001 08.
1504 2965 1565 3000 15.
1612 2964 1809 3000 ludubris
1851 2975 1929 3010 pro
1975 2962 2151 3000 ludibris

500 3018 565 3068 (z
588 3020 840 3069 ludibriosa)
869 3021 1021 3057 dictum
1055 3024 1112 3057 est
1141 3021 1389 3057 assonantiae
1420 3032 1555 3058 causa.
1638 3022 1700 3057 17.
1731 3020 1959 3068 percellitis
1990 3018 2154 3066 εονίρείς

501 3077 684 3123 rpcellitis
717 3077 781 3114 0⁸.
864 3073 961 3127 &Ilib3
992 3077 1030 3126 (i.
1064 3089 1093 3115 e.
1128 3076 1333 3126 quolibet)
1364 3077 1430 3122 CB,
1461 3089 1562 3115 corr.
1595 3077 1820 3124 Lanyebelc.
