2242 3551
564 209 707 238 VETvs
739 209 966 238 emiorum
998 209 1236 238 siALANDm
1664 199 1716 239 47

74 325 214 372 nouit,
260 324 339 378 qui
371 323 424 376 ei,
471 336 607 378 quem
642 328 899 376 sanauerat,
943 324 1074 365 dixit:
1126 324 1268 364 »Ecce
1301 337 1441 364 sanus
1474 323 1620 364 factus
1652 336 1719 370 es3

73 399 161 439 iam
196 397 290 437 noli
322 409 525 450 peccare,
557 409 612 436 ne
644 397 843 437 deterius
874 396 956 437 tibi
989 397 1163 450 aliquid
1197 397 1466 448 contingat«

574 514 847 561 Epitaphium
880 514 1014 550 sancti
1046 514 1220 550 Thome.

258 607 353 650 Rex,
386 606 517 650 miles,
549 605 692 653 presul
724 605 884 650 edictis,
915 616 1025 650 ense,
1057 615 1210 642 cruore

372 677 602 722 impugnat,
634 674 773 719 violat,
806 675 986 722 protegit
1016 674 1258 711 ecclesiam:

257 744 340 780 Rex
372 745 446 790 ira,
480 744 599 781 miles
632 744 783 790 gladiO,
817 743 959 791 presul
992 754 1117 790 prece
1150 746 1349 790 pugnant.

376 813 456 849 Pro
490 813 648 861 populo
683 813 837 861 presul,
869 823 947 860 pro
979 821 1101 859 grege
1133 815 1279 859 pastor
1309 812 1407 847 obit.

259 882 340 918 Pax
374 883 519 930 patrie,
551 882 635 919 dux
667 882 831 918 iusticie
863 882 1054 929 iurisque
1086 884 1304 928 patronus,

374 951 529 998 presul,
559 952 600 987 in
634 950 810 988 ecclesia
846 951 989 988 militis
1022 961 1121 987 ense
1153 950 1275 987 cadit.

258 1020 341 1056 Rex
373 1020 512 1066 dictat,
546 1019 664 1057 miles
697 1020 869 1067 peragit,
900 1020 1103 1067 templum
1138 1019 1339 1055 violatur:

259 1089 349 1125 Heu
381 1089 536 1125 scelus!
570 1100 669 1126 ense
701 1089 766 1125 dei
800 1092 971 1126 sanctus
1003 1089 1063 1125 sic
1096 1088 1403 1134 martyrizatur.

257 1158 413 1204 Anglia,
444 1158 586 1194 celesti
619 1159 835 1206 quondam
869 1158 1104 1205 prefulgida
1137 1157 1263 1201 dono,

258 1227 358 1263 heu!
392 1227 518 1262 modo
551 1230 679 1263 strata
712 1227 830 1270 iacet,
861 1227 933 1263 tali
966 1227 1134 1263 viduata
1168 1228 1370 1273 patrono!

258 1296 353 1340 Rex,
385 1295 504 1332 miles
535 1296 720 1342 gladium
754 1296 949 1345 vibrant3
981 1296 1053 1332 sed
1088 1295 1145 1331 nil
1177 1294 1447 1331 tremefactus

258 1375 353 1401 cum
387 1375 512 1402 cruce
544 1365 678 1413 pergit
709 1375 844 1401 ouans
877 1365 945 1401 hic
978 1365 1121 1412 presul
1154 1367 1193 1400 et
1225 1364 1361 1399 hostia
1396 1363 1541 1401 factus.

258 1435 428 1480 Norma,
460 1435 601 1480 decus,
633 1434 853 1481 speculum
886 1434 1000 1479 cleri,
1031 1434 1176 1480 gentis,
1210 1432 1532 1477 monachorum,

256 1512 418 1549 gemma
452 1504 733 1546 sacerdotum,
766 1503 811 1539 fit
842 1503 1034 1539 concinis
1066 1513 1333 1550 superorum.

260 1572 380 1619 Ergo,
413 1576 531 1620 pater
562 1575 717 1615 sancte,
750 1573 896 1616 nostri,
929 1573 1122 1619 petimus,
1156 1572 1367 1615 miserere,

259 1645 297 1685 et
328 1642 401 1678 tibi
435 1642 671 1678 subiectum
706 1642 925 1688 populum,
957 1653 1027 1677 rex
1060 1641 1237 1685 Christe,
1269 1643 1405 1676 tuere!

162 1753 449 1795 MCLXXIII.
497 1754 634 1794 Terre
668 1758 819 1794 motus
852 1754 998 1794 factus
1032 1757 1095 1793 est
1127 1766 1205 1806 per
1224 1753 1415 1793 Daciam
1445 1753 1724 1795 uniuersam.
1753 1764 1795 1794 20

81 1825 204 1879 Obijt
236 1827 560 1878 Christoforus,
593 1828 687 1867 dux
717 1827 852 1868 Jutie.

162 1899 444 1940 MCLXXVI.
510 1899 798 1952 Martyrizata
839 1903 904 1940 est
942 1903 1098 1940 sancta
1134 1899 1385 1951 Margareta
1426 1899 1471 1938 in
1506 1899 1659 1952 sslsyae
1689 1893 1725 1940 'a

78 1971 171 2011 viro
217 1985 300 2012 suo
342 1973 563 2023 Herlogh,
611 1985 649 2013 V.
687 1972 782 2012 Kal.
819 1971 1107 2012 Nouembris.
1168 1972 1509 2021 (Waldemarus
1549 1972 1726 2012 obsedit

78 2049 277 2085 castrum
311 2045 464 2086 Stetin.
511 2044 654 2085 Addit.
690 2044 797 2094 rea).

164 2117 469 2158 MCLXXVII.
562 2117 764 2157 Eskillus
824 2117 1200 2170 archiepiscopus
1262 2117 1482 2157 discessit.
1577 2117 1726 2158 Causa
1753 2125 1794 2155 25

77 2187 368 2230 discessionis
409 2190 506 2230 eius
546 2190 592 2229 in
634 2190 778 2230 Gestis
823 2190 1058 2229 Danorum
1103 2189 1168 2229 sic
1206 2189 1432 2230 innuitur:
1486 2189 1727 2241 »Eskillus‚

78 2262 339 2303 domesticis
371 2275 508 2316 supra
541 2262 659 2302 vires
691 2262 891 2314 negociis
925 2261 1151 2314 fatigatus,
1192 2263 1303 2302 dum
1337 2262 1477 2315 quieti
1510 2262 1728 2302 intentius

79 2335 287 2385 consulit,
320 2335 641 2388 proficiscendi
675 2335 855 2375 licentia
889 2348 913 2374 a
946 2345 1048 2386 rege
1080 2334 1325 2374 difficulter
1356 2338 1542 2386 extorta,
1576 2335 1728 2374 nobile

80 2405 328 2447 Galliarum
377 2407 644 2457 cenobium,
699 2408 820 2460 quod
870 2407 1141 2447 Clarauallis
1188 2410 1501 2460 nuncupatur,
1554 2407 1726 2460 petiuit,

167 2552 199 2586 1.
234 2552 338 2587 Eece
370 2563 497 2587 sanus
530 2555 624 2587 etc:
667 2561 812 2596 euunq.
845 2550 935 2586 Joh.
970 2551 1006 2595 5,
1030 2550 1089 2586 14.
1168 2551 1190 2585 3
1215 2561 1319 2596 sqq.:
1359 2549 1436 2585 hoc·
1474 2550 1726 2596 epitaphium

79 2617 280 2653 nusquam
328 2608 428 2644 alibi
472 2609 646 2655 reperire
688 2607 814 2653 potui.
892 2609 927 2644 6.
973 2611 1129 2654 pugnat
1170 2607 1215 2644 H.
1296 2608 1357 2643 12.
1402 2607 1633 2654 perfulgida
1679 2608 1725 2644 H.

83 2675 142 2711 13.
168 2676 250 2712 heu
275 2677 378 2713 mihi
405 2681 548 2713 sancta
575 2677 609 2712 H
634 2675 700 2725 (ex
725 2666 761 2710 ri'i
792 2663 862 2713 t‘ssta
890 2676 997 2712 male
1024 2675 1218 2712 intellecto
1243 2674 1403 2723 ortum).
1462 2676 1640 2711 14—15.
1670 2675 1727 2711 nil

81 2731 316 2770 timescens:
349 2744 444 2770 cum
472 2744 572 2770 nece
597 2738 752 2780 pugnat
777 2745 814 2770 o.
843 2734 882 2770 h.
910 2744 947 2780 p.
974 2736 1012 2769 et
1035 2733 1171 2768 hostia
1195 2731 1389 2780 sancta(!)
1414 2733 1460 2768 H.
1526 2733 1587 2769 17.
1608 2743 1727 2779 supe-

81 2788 238 2825 riorum
259 2792 304 2827 H.
352 2792 530 2828 20—21.
549 2792 801 2827 universam.
830 2791 880 2826 Et
897 2801 932 2827 o.
951 2790 1284 2836 Christophorus
1305 2790 1349 2825 H.
1407 2789 1583 2825 22—23.
1603 2789 1727 2835 fflsye

82 2856 103 2880 a
129 2857 152 2881 v
188 2858 216 2882 s.
246 2848 380 2894 Hlogh
409 2849 442 2884 H
474 2846 558 2894 (sed
577 2859 655 2893 pro
682 2849 807 2884 deleto
828 2847 976 2893 Hlogh,
1010 2848 1030 2883 i.
1051 2858 1080 2885 e.
1104 2844 1273 2892 lelogh,
1306 2846 1504 2891 Huitfeldt
1529 2847 1568 2882 in
1597 2856 1726 2891 mat-y.

85 2902 264 2949 Herlogh
290 2904 482 2951 scripsit>;
517 2905 622 2951 Hlog
640 2905 678 2942 S.
741 2905 803 2941 23.
831 2905 880 2940 Et
900 2904 1173 2940 Valdamarus
1201 2904 1245 2939 H.
1310 2904 1489 2939 25—26.
1517 2902 1726 2939 Eschillus

83 2961 326 2997 ..decessit
355 2993 360 2998 .
392 2992 397 2997 .
425 2962 680 2998 decessionis
728 2963 774 2998 H.
873 2961 936 2997 26.
983 2962 1073 2996 eius
1119 2971 1196 2996 om.
1245 2962 1289 2995 H.
1389 2961 1447 2995 sic
1495 2961 1724 2995 inuenitur:

83 3015 346 3063 Eschy(i)llus
366 3020 411 3054 H.
466 3019 616 3065 26-—p.
637 3019 754 3059 48,3:
787 3018 860 3054 vid.
879 3018 986 3054 Saxo
1001 3018 1150 3063 12890,
1171 3017 1332 3052 21-27
1352 3016 1401 3052 Μ.
1451 3017 1514 3052 29.
1533 3017 1646 3062 quod
1667 3017 1725 3054 M:

83 3083 175 3118 quae
210 3075 254 3110 H.
