2242 3551
407 191 581 221 PETRvs
614 191 738 220 OLAI:
772 191 832 219 DE
865 190 1037 219 ORDINE
1071 190 1285 219 FRATRVM
1319 188 1528 217 MINORYM
1715 176 1795 216 311

134 308 265 349 miter
304 310 653 358 consenserunt,
700 292 895 361 (voluit),
942 309 989 347 vt
1029 305 1439 358 incorporarentur
1478 306 1521 344 et
1558 302 1800 344 vnirentur

133 382 218 422 sub
257 379 527 421 obediencia
567 379 723 433 vicarij
767 378 994 431 generalis
1042 378 1443 419 cismontanarum
1489 376 1693 430 partium
1740 376 1799 416 ad

132 455 275 495 instar
327 453 527 494 aliorum
582 455 902 493 conuentuum
956 452 1013 491 de
1060 450 1358 492 obseruantia
1405 453 1798 503 nuncupatorum.

134 528 220 567 Pro
261 525 534 566 huiusmodi
573 529 728 565 autem
776 524 950 578 negocij
997 524 1298 578 expedicione
1344 523 1468 564 idem
1514 523 1800 563 reuerendus

132 603 258 653 pater
304 598 443 639 frater
491 598 770 639 Laurentius
810 597 1033 638 Branderi
1080 597 1164 637 iter
1204 596 1400 650 arripuit
1438 597 1494 637 ad
1538 596 1800 636 Romanam

132 672 321 725 curiam,
355 684 591 725 exponens
624 684 672 711 se
697 670 856 711 multis
883 669 1099 724 periculis
1126 673 1168 709 et
1191 669 1445 710 laboribus.
1495 669 1587 719 Qui
1610 669 1799 708 tandem

132 747 216 786 deo
262 745 474 786 adiutore
527 744 728 785 obtinuit
781 744 960 784 bullam
1016 742 1253 784 efficacem
1311 741 1712 795 incorporacionis
1759 745 1802 781 et

131 818 315 859 vnionis
360 815 372 873 Η
415 823 619 871 (fol.113v>
667 817 754 857 sub
802 816 1075 857 obediencia
1122 815 1278 869 vicarij
1329 815 1555 868 generalis
1602 814 1800 855 cismon-

131 895 345 932 tanarum
370 891 570 944 partium
595 891 651 931 ad
679 890 825 930 instar
846 889 1047 930 aliorum
1073 892 1393 930 conuentuum
1420 889 1476 928 de
1503 887 1800 929 obseruantia

132 968 506 1018 nuncupatorum
556 977 582 1004 a
630 963 759 1004 Sixto
807 976 928 1016 papa
975 964 1028 1015 4,
1076 975 1200 1003 anno
1250 961 1430 1002 domini
1472 962 1603 1011 1480;
1651 964 1694 1001 et
1735 960 1802 1001 sic

134 1037 312 1077 liberati
347 1041 455 1077 sunt
486 1050 511 1077 a
544 1037 660 1077 duro
693 1036 800 1088 iugo
831 1036 1046 1087 ministri,
1078 1048 1224 1089 vsque
1249 1034 1372 1075 enim
1398 1035 1457 1074 ad
1479 1034 1565 1075 hec
1589 1037 1801 1087 tempora

132 1110 217 1150 sub
250 1110 520 1151 obediencia
556 1109 755 1150 ministri
788 1108 1168 1162 [quodammodo]
1203 1111 1345 1148 erant.

216 1183 394 1224 Eodem
442 1196 566 1224 anno
618 1181 680 1236 (in
730 1182 934 1236 profesto
982 1181 1104 1222 beati
1149 1180 1400 1233 Francisci)
1441 1184 1668 1221 venerunt
1707 1181 1800 1221 duo

130 1256 358 1297 notabiles
404 1260 570 1310 patres,
617 1255 830 1297 videlicet
877 1255 1016 1295 frater
1065 1254 1294 1295 Henricus
1337 1254 1528 1307 Lappen
1576 1257 1618 1294 et
1662 1253 1802 1294 frater

133 1329 360 1370 Henricus
401 1329 618 1382 Gualteri,
666 1329 797 1369 missi
837 1329 893 1369 de
932 1327 1177 1382 prouincia
1218 1327 1416 1368 Saxonie
1464 1340 1548 1380 pro
1595 1326 1800 1367 vlteriori

130 1402 465 1443 reformacione
512 1402 734 1454 regularis
781 1401 1097 1449 obseruantie;
1158 1401 1237 1454 qui
1291 1400 1503 1453 pluribus
1559 1399 1694 1440 annis
1748 1399 1796 1439 in

132 1473 278 1528 [dicta]
327 1475 569 1529 prouincia
613 1475 753 1516 Dacie
800 1474 1024 1515 demorati
1072 1478 1192 1515 sunt.
1255 1474 1432 1526 Adepta
1472 1477 1627 1513 autem
1668 1473 1796 1513 bulla

128 1548 313 1589 vnionis
354 1552 395 1588 et
436 1548 835 1602 incorporaeionis
873 1561 899 1588 a
940 1547 1065 1588 Sixto
1105 1548 1159 1595 4.,
1207 1551 1254 1587 vt
1295 1547 1470 1587 dictum
1512 1550 1592 1597 est,
1640 1545 1795 1586 statim

116 1621 254 1661 >misit
291 1623 574 1662 reuerendus
613 1625 742 1675 pater
779 1621 918 1661 frater
951 1620 1229 1662 Laurentius
1263 1619 1487 1660 Branderi
1519 1620 1637 1660 duos
1669 1622 1795 1659 nota-

129 1694 241 1735 biles
288 1698 460 1748 patres‚
522 1698 570 1735 vt
622 1707 724 1735 eam
780 1694 1074 1735 ostenderent
1126 1693 1300 1735 vicario
1350 1693 1551 1745 generali
1598 1692 1795 1733 cismon-

127 1771 342 1808 tanarum
375 1768 601 1821 partium;
635 1780 774 1821 quem
806 1767 1088 1808 inuenerunt
1119 1767 1165 1807 in
1192 1766 1435 1820 prouincia
1464 1766 1682 1816 Saxonie3
1714 1765 1795 1819 qui

128 1840 328 1881 vicarius
361 1841 585 1893 generalis
618 1840 858 1881 dicebatur
889 1840 1028 1880 frater
1050 1840 1330 1881 Wilhelmus
1351 1840 1534 1880 Bertho.
1583 1838 1794 1892 Cumque

128 1914 383 1967 predictam
416 1914 592 1955 bullam
626 1913 829 1965 vidisset,
861 1917 1092 1966 gratanter
1124 1917 1166 1954 et
1197 1912 1494 1967 paternaliter
1522 1911 1794 1965 acceptauit,

130 1986 310 2028 dicens:
364 1987 637 2028 »Benedicta
671 1986 828 2039 Dacia,
875 1999 964 2040 que
1006 1986 1393 2027 reformacionem
1436 1998 1516 2038 per
1558 1998 1604 2026 se
1637 1997 1794 2037 accep-

128 2060 243 2100 tauit
276 2064 383 2101 etc2«
450 2061 506 2100 Et
551 2059 705 2101 statim
748 2059 873 2099 misit
911 2059 949 2099 4.
984 2059 1146 2100 fratres
1188 2058 1258 2111 (de
1297 2058 1541 2112 prouincia
1581 2054 1794 2111 Saxonie)

131 2145 236 2173 cum
268 2133 358 2174 illis
392 2133 578 2174 duobus
610 2132 834 2186 patribus,
882 2133 959 2185 qui
1002 2132 1042 2172 ei
1084 2132 1256 2173 litteras
1289 2135 1687 2185 presentauerunt,
1733 2131 1793 2171 ad

129 2206 420 2259 prouinciam
457 2206 597 2247 Dacie
629 2218 712 2259 pro
746 2205 926 2245 meliori
958 2205 1261 2246 instructione
1295 2208 1337 2244 et
1367 2203 1706 2244 informacione
1739 2216 1793 2244 ac

129 2279 457 2320 melioracione
505 2283 547 2319 et
594 2278 951 2319 manutenencia
998 2278 1221 2330 regularis
1267 2277 1575 2318 obseruantie.
1657 2276 1792 2317 Anno

131 2355 285 2392 autem
326 2352 505 2393 domini
541 2352 647 2392 1481
692 2350 753 2404 (in
794 2351 1024 2405 principio
1057 2351 1182 2403 anni,
1229 2350 1403 2391 scilicet
1442 2350 1489 2389 in
1523 2348 1792 2401 Februario)

129 2424 411 2465 celebratum
444 2429 511 2465 est
536 2424 792 2478 capitulum
812 2424 1032 2466 Otthonie
1064 2436 1193 2464 more
1226 2436 1279 2464 ac
1310 2422 1564 2476 priuilegijs
1596 2421 1790 2461 fratrum

129 2496 185 2537 de
217 2497 514 2538 obseruantia
547 2498 744 2538 aliarum
778 2497 1143 2551 prouinciarum.
1194 2496 1244 2536 In
1273 2509 1364 2549 quo
1392 2494 1594 2548 capitulo
1622 2494 1792 2534 electus

129 2569 214 2609 fuit
274 2571 557 2611 reuerendus
617 2584 659 2624 p.
708 2570 759 2611 fr.
809 2570 856 2610 L.
908 2570 979 2621 B.‚
1033 2570 1133 2622 qui,
1191 2569 1297 2609 licet
1350 2555 1597 2620 hucvsque
1644 2566 1792 2607 fuerat

130 2642 330 2683 vicarius
376 2648 470 2683 tam
518 2643 789 2683 auctoritate
836 2642 1090 2696 apostolica
1138 2655 1280 2695 quam
1327 2640 1548 2691 ministri,
1602 2639 1650 2679 in
1704 2639 1792 2679 isto

130 2718 286 2756 tamen
318 2716 521 2769 capitulo
555 2717 726 2756 electus
758 2715 844 2755 fuit
875 2715 1134 2755 secundum
1167 2727 1328 2755 verum
1357 2713 1551 2753 modum
1585 2715 1627 2752 et
1651 2711 1791 2751 ritum

223 2905 256 2938 1.
304 2902 438 2938 voluit
482 2902 636 2938 addidi.
728 2902 790 2938 12.
837 2901 1156 2948 quodammodo
1211 2901 1318 2936 linea
1370 2898 1567 2935 subducta
1621 2899 1692 2934 ἀεῖ,
1742 2899 1792 2944 Ρ;

134 2959 225 2995 item
272 2961 320 2995 17
360 2960 483 2995 dicta.
565 2960 628 2994 13.
669 2958 789 2996 verba
836 2960 877 2994 in
926 2959 1035 3005 prof.
1073 2959 1111 2994 b.
1151 2959 1215 2994 Fr.
1242 2958 1300 3002 ’(ἰ.
1335 2968 1364 2993 e.
1399 2956 1431 2992 3.
1467 2955 1618 3001 Octob.)
1664 2967 1791 3002 supra

134 3027 231 3052 vers.
264 3016 355 3052 add.
390 3017 434 3061 P,
479 3018 571 3052 item
605 3017 657 3052 25
691 3016 742 3052 de
776 3027 896 3062 prou.
938 3017 1041 3060 Sax.‚
1086 3018 1124 3051 et
1152 3015 1209 3051 sic
1249 3015 1291 3051 in
1328 3024 1445 3060 seqq„
1490 3013 1559 3049 nbi
1589 3014 1628 3059 ()
1657 3013 1790 3060 posui.

136 3073 199 3109 34.
232 3074 436 3120 capittulo
468 3073 507 3110 h.
534 3074 565 3114 l.
597 3075 634 3109 et
664 3073 866 3109 interdum
901 3073 1001 3109 alibi
1031 3075 1074 3110 P.

1828 969 1870 1000 10

1829 1337 1870 1368 15

1820 2072 1863 2103 25

1818 2436 1861 2468 3Ο
