2242 3551
312 1344 383 1375 Fol.
399 1340 469 1376 43¹2

493 985 533 1014 10

498 1345 538 1376 15

496 1712 538 1742 20

498 2077 539 2107 25

499 2442 541 2473 30

501 2804 542 2836 35

557 197 638 235 262
900 203 1176 233 semprossEs
1209 203 1436 232 HISTORIAE
1470 204 1646 233 DANICAE
1678 205 1877 234 MINORES

557 333 660 373 rege
693 324 734 361 et
766 319 917 371 regina
950 322 1094 358 matre
1127 316 1244 369 regis
1277 318 1553 370 confidebat,
1586 331 1640 358 ac
1667 318 1704 359 si
1728 318 2041 361 dominatores
2067 326 2213 362 essent

560 389 833 445 uniuerse(1)
866 390 1003 432 orbis.
1069 390 1233 442 Immo,
1275 391 1399 444 quod
1433 391 1537 443 plus
1570 395 1648 443 est,
1689 392 1890 444 ponebat
1922 405 2051 445 spem
2085 406 2210 434 suam

559 466 605 506 in
639 465 702 505 eis
735 465 838 518 plus
871 476 1011 517 quam
1044 463 1091 503 in
1134 466 1337 503 creatore
1376 463 1561 513 mundi,
1611 465 1733 504 unde
1773 464 1884 504 satis
1924 464 2113 505 euidens
2152 471 2212 507 est

558 541 898 591 argumentum,
927 549 1033 577 cnm
1057 548 1142 576 nec
1162 534 1317 575 timuit
1339 536 1867 577 excommunicationem
1893 537 2211 590 episcoporum

559 624 643 652 nec
689 609 996 651 cardinalium
1044 621 1193 662 neque
1240 607 1377 648 etiam
1424 608 1602 648 domini
1657 622 1792 662 pape,
1850 609 2008 650 dicens
2060 623 2107 650 56
2159 612 2212 652 ad

559 683 752 724 alciores
777 681 953 722 iudices
977 681 1248 735 appellasse,
1281 680 1497 721 uidelicet
1527 692 1679 733 regem
1712 685 1755 721 et
1784 682 1989 734 reginam
2025 687 2212 725 matrem

560 757 679 806 eius,
712 754 791 809 qui
824 754 871 794 in
904 757 1082 794 tantum
1117 753 1369 794 concitauit
1401 766 1478 794 eos
1511 754 1761 794 aduersum
1794 767 1893 806 nos,
1926 756 2049 809 quod
2076 755 2214 797 mina-

560 830 728 869 bantur
746 826 881 868 nobis
899 826 1206 879 direptionem
1225 825 1437 866 omnium
1460 826 1691 866 bonorum
1715 830 1994 877 nostrorum,
2018 828 2214 870 dicentes

561 915 607 942 se
640 901 757 941 uelle
790 912 951 940 omnes
984 899 1240 939 monachos
1280 902 1322 939 et
1361 910 1611 939 conuersos
1646 899 1857 951 effugare.
1924 900 2215 942 Minabantur

561 974 697 1015 etiam
745 971 901 1013 abbati
949 975 991 1011 et
1030 971 1312 1025 quibusdam
1355 971 1618 1012 senioribus
1664 972 1834 1012 nostris
1882 973 2214 1026 captiuitatem3

561 1047 683 1087 unde
717 1058 800 1086 nec
831 1044 976 1085 abbas
1009 1056 1094 1084 nec
1132 1044 1300 1097 aliquis
1340 1044 1459 1084 alius
1500 1045 1653 1097 palam
1695 1045 1896 1085 audebat
1934 1045 2054 1086 exire
2095 1051 2215 1100 septa

562 1117 825 1171 monasterij
853 1117 950 1158 sine
974 1129 1135 1157 securo
1159 1118 1405 1159 conductu.
1453 1117 1570 1157 Nam
1595 1117 1674 1170 qui
1698 1117 1918 1169 exierunt,
1951 1119 2215 1161 uerberibus

563 1196 669 1233 sunt
715 1190 887 1240 afflicti,
935 1189 1125 1244 quidam
1175 1189 1309 1230 etiam
1361 1189 1558 1243 spoliati,
1606 1203 1699 1230 non
1739 1189 1854 1230 nulli
1898 1195 1939 1230 et
1979 1191 2215 1245 uulnerati,

562 1265 749 1305 tandem
792 1263 849 1303 ad
890 1262 1107 1303 ultimum
1151 1266 1216 1303 tot
1255 1266 1297 1303 et
1333 1262 1473 1303 tantis
1515 1262 1649 1303 malis
1690 1262 1853 1312 affecti,
1901 1264 2025 1316 quod
2068 1265 2214 1305 nullus

565 1337 749 1378 uillicus
773 1336 871 1376 siue
898 1335 1091 1376 colonus
1113 1332 1124 1389 Η
1148 1335 1349 1376 audebat
1371 1335 1419 1375 in
1442 1339 1601 1376 nostro
1626 1348 1921 1388 perseuerare
1953 1336 2214 1378 ministerio.

564 1410 765 1461 Quidam
799 1410 854 1449 de
888 1407 1139 1459 conuersis,
1181 1408 1402 1449 instinctu
1435 1408 1666 1449 diabolico
1699 1408 1867 1448 furtiue
1900 1410 2215 1451 subtrahentes

563 1484 686 1524 bona
719 1480 1001 1534 monasterij,
1039 1481 1184 1522 immo
1220 1481 1551 1534 patrimonium
1584 1482 1729 1522 Jhesu
1765 1481 1946 1533 Christi,
1988 1482 2217 1523 redierunt

563 1559 815 1596 retrorsum
870 1555 927 1594 ad
975 1554 1183 1595 seculum
1230 1549 1488 1606 fugientes,
1533 1554 1666 1594 multi
1721 1554 1857 1594 etiam
1914 1554 2218 1595 uendiderunt

564 1640 730 1681 pecora
778 1631 820 1668 et
866 1626 1093 1679 iumenta,
1148 1639 1384 1667 annonam
1441 1640 1626 1681 quoque
1683 1631 1723 1667 et
1777 1627 1866 1667 alia
1921 1627 2214 1680 supellectilia

565 1700 857 1753 grangiarum
898 1712 982 1753 pro
1023 1699 1237 1754 denarijs,
1285 1704 1347 1753 ut,
1395 1700 1432 1740 si
1473 1699 1858 1753 compellerentur
1896 1699 2051 1752 sugam
2092 1700 2213 1752 inire,

566 1786 721 1814 secum
756 1776 1057 1826 asportarent,
1095 1774 1217 1813 unde
1250 1773 1434 1814 sibimet
1466 1772 1558 1813 uite
1591 1772 1850 1813 necessaria
1882 1772 2214 1813 amministrare

566 1846 833 1899 potuissent.
897 1846 1027 1886 Vnde
1066 1845 1113 1885 in
1153 1849 1329 1886 tantam
1371 1845 1646 1886 deuenimus
1678 1849 2011 1899 paupertatem,
2059 1849 2108 1886 ut
2137 1858 2216 1886 1166

566 1919 740 1959 uictum
774 1930 858 1958 nec
890 1918 1107 1959 uestitum
1140 1919 1310 1960 habere
1342 1918 1592 1972 potuimus.
1650 1918 1781 1958 Multi
1814 1918 1936 1958 enim
1970 1918 2215 1959 discalciati

567 1991 703 2032 nudis
742 1991 936 2044 pedibus
969 2004 1063 2032 non
1095 1992 1257 2045 paucis
1290 1991 1452 2032 diebus
1485 1991 1802 2043 ambulabant,
1852 1991 2041 2045 quidam
2084 1991 2214 2031 etiam

567 2065 664 2105 sine
706 2064 879 2116 calligis
921 2064 1069 2113 ibant;
1113 2077 1206 2106 non
1246 2065 1360 2105 nulli
1401 2064 1539 2104 etiam
1583 2063 1680 2104 sine
1714 2064 1872 2117 cappis
1904 2064 1951 2104 in
1983 2063 2215 2104 refectorio

566 2150 671 2177 cum
706 2141 937 2178 conuentu
971 2137 1287 2178 comedebant.
1352 2138 1439 2178 Iste
1479 2136 1850 2178 exordinationes
1890 2141 1931 2177 et
1962 2136 2049 2176 alie
2081 2148 2215 2189 quam

566 2210 721 2262 plures
767 2209 883 2250 facte
925 2213 1032 2250 sunt
1071 2223 1165 2251 non
1208 2210 1376 2251 nostris
1424 2209 1763 2263 supersticiosis
1811 2209 2215 2262 superfluitatibUS,

567 2283 645 2323 sed
678 2282 776 2323 solo
809 2286 1016 2336 pretextu
1049 2283 1345 2336 paupertatis.
1394 2282 1541 2323 Tanta
1574 2295 1684 2322 uero
1718 2281 1940 2335 dispersio
1973 2281 2091 2322 facta
2124 2280 2215 2331 fuit,

567 2358 616 2394 ut
657 2354 734 2395 uix
773 2355 924 2395 media
966 2368 1071 2408 pars
1111 2359 1370 2396 conuentus
1407 2354 1534 2396 domi
1566 2354 1800 2395 remansit.
1866 2355 2006 2395 Multe
2038 2353 2216 2394 officine

569 2427 666 2468 sine
698 2427 894 2468 alicuius
926 2428 1291 2481 frequentatione
1331 2441 1411 2468 seu
1453 2427 1647 2468 fratrum
1681 2427 2095 2468 amministratione
2126 2438 2216 2479 per-

569 2504 851 2540 manserunt.
916 2500 1058 2540 Pauci
1089 2501 1346 2540 admodum
1379 2504 1520 2551 erant,
1565 2500 1643 2554 qui
1684 2500 1739 2540 de
1772 2499 1878 2551 fuga
1911 2512 2003 2540 non
2037 2498 2217 2539 medita-

568 2573 748 2613 bantur.
812 2572 1007 2624 Sexcies,
1048 2572 1135 2613 nisi
1167 2572 1315 2625 fallor,
1356 2572 1664 2626 prefigebatur
1696 2572 1830 2613 nobis
1864 2585 1917 2613 ex
1948 2575 2075 2625 parte
2105 2569 2215 2622 regis

569 2645 806 2697 terminus,
854 2658 878 2685 a
912 2646 1085 2698 pascha
1127 2658 1272 2699 usque
1313 2645 1360 2685 in
1399 2645 1565 2686 festum
1607 2644 1752 2685 sancti
1792 2645 1971 2685 Andree
2013 2641 2215 2698 apostoli,

570 2721 617 2758 ut
650 2721 729 2757 aut
760 2717 938 2758 exibere
972 2718 1245 2758 deberemus
1278 2717 1495 2771 episcopo
1529 2717 1901 2771 procurationem
1926 2716 2065 2757 trium
2091 2714 2216 2768 septi-

572 2802 817 2830 manarum
850 2803 932 2843 pro
965 2790 1172 2844 quolibet
1203 2803 1340 2842 anno,
1374 2803 1465 2843 quo
1498 2789 1822 2843 procuratione
1855 2792 2076 2837 caruerat,
2116 2799 2214 2828 cum

571 2861 894 2915 satisfactione,
928 2867 1006 2902 aut
1038 2862 1157 2914 regie
1190 2862 1439 2903 maiestatis
1470 2862 1701 2903 ulcionem
1727 2861 2080 2902 incurreremus.
2128 2859 2216 2900 Nos

663 3017 696 3052 1.
729 3016 862 3063 rigina
888 3016 951 3054 08.
1015 3018 1078 3053 21.
1112 3018 1380 3054 aministrare
1410 3016 1466 3054 C8
1494 3016 1605 3066 (item
1624 3016 1700 3066 30).
1765 3018 1829 3054 26.
1861 3016 2135 3054 comedebant
2156 3010 2213 3051 08.

576 3073 639 3110 28.
673 3073 807 3121 dipsio
842 3073 905 3112 08.
968 3075 1032 3112 36.
1064 3076 1272 3113 maiestati
1305 3073 1370 3122 08,
1401 3085 1502 3111 corr.
1530 3073 1653 3122 qulc.
