2242 3551
124 213 166 241 11.
200 212 257 240 DE
276 210 565 239 FVNDATIONE
581 209 901 238 vrrAESCHOLAE.
918 208 1221 238 TVTAEVALms.
1238 208 1578 237 AvnssffllevLAE
1622 198 1695 235 151

55 325 271 368 ficacione
295 324 565 365 facultatum
600 327 642 363 et
665 323 824 363 fauore
854 323 1115 376 principum
1141 324 1195 362 de
1223 322 1295 362 die
1320 321 1364 361 in
1399 322 1521 362 diem
1556 321 1700 373 magis

55 398 287 451 magisque
333 408 639 447 succrescere,
690 408 783 436 non
830 395 1023 436 ferentes
1070 394 1242 435 doloris
1289 394 1358 435 sui
1406 394 1698 434 acerbitatem

54 472 169 512 intra
210 482 255 510 se
295 469 445 521 latere,
492 468 539 508 in
579 472 755 508 tantam
795 467 975 509 accensi
1015 471 1121 507 sunt
1159 467 1408 514 vesaniam,
1457 470 1500 505 vt
1534 466 1700 506 nostris

54 543 267 585 inferrent
314 541 586 583 violenciam
632 553 915 594 corpoream.
977 540 1151 580 Armati
1193 539 1314 579 enim
1359 538 1575 579 monachi
1618 551 1701 578 nec

54 629 144 657 non
189 614 349 655 famuli
397 626 555 655 eorum
604 617 784 654 nostros
826 625 965 666 quam
1014 612 1168 665 sepius
1216 611 1486 652 inuaserunt
1532 624 1700 664 eosque
1727 619 1745 648 5

54 688 365 743 spoliauerunt
404 690 445 727 et
484 685 753 727 verberibus
797 685 1067 734 affecerunt3
1115 684 1522 725 calumniabantur
1563 682 1699 723 eciam

53 774 98 802 se
129 760 293 801 iniuste
325 763 369 800 et
398 758 620 799 violenter
651 758 817 799 eiectos
850 770 948 798 esse
980 758 1036 797 de
1061 757 1341 797 monasterio
1368 770 1465 807 suo,
1499 756 1699 796 dicentes

52 847 98 874 se
143 845 235 873 non
282 830 569 873 consensisse
613 830 830 884 episcopo
878 830 923 870 in
970 829 1233 870 mutacione
1281 829 1368 870 loci
1416 842 1499 869 nec
1545 829 1697 869 locum

51 906 337 961 aliquatenus
378 903 645 956 resignasse.
709 903 847 944 Cuius
886 902 976 943 litis
1015 906 1057 943 et
1097 902 1414 943 contencionis
1447 901 1613 942 relacio
1642 901 1699 940 ad

51 979 203 1020 sedem
236 976 537 1036 apostolicam
570 977 757 1017 tandem
790 975 1097 1017 examinanda
1130 974 1384 1016 deducitur.
1460 974 1562 1014 Dati
1596 977 1701 1014 sunt
1729 982 1768 1013 10

50 1050 221 1092 iudices
254 1049 300 1090 in
333 1062 473 1090 causa
505 1052 760 1090 memorata
792 1048 877 1089 viri
910 1048 1139 1101 sapientes
1172 1051 1214 1088 et
1244 1047 1423 1089 iusticie
1457 1051 1699 1099 amatores,

50 1107 245 1177 <scilicet>
285 1121 497 1173 Omerus,
545 1121 789 1175 episcopus
823 1120 1047 1174 Ripensis,
1087 1124 1127 1161 et
1161 1120 1431 1171 Vilhelmus,
1469 1119 1612 1160 abbas
1645 1119 1700 1158 de

51 1194 288 1247 Paraclito,
314 1195 394 1249 qui
418 1194 668 1248 apostolica
696 1193 939 1235 autoritate
963 1194 1064 1235 freti
1087 1206 1275 1234 causam
1301 1192 1435 1233 istam
1462 1191 1701 1244 diligenter

50 1268 326 1309 discuterent
363 1272 405 1308 et
442 1267 784 1308 racionabiliter
814 1266 1126 1308 terminarent.
1189 1265 1281 1317 Qui
1313 1269 1494 1306 maturo
1527 1268 1700 1305 vtentes

50 1339 240 1381 consilio
286 1340 569 1381 voluntatem
616 1339 914 1381 dominorum
957 1339 1127 1380 Kanuti
1173 1338 1290 1391 regis
1336 1341 1379 1379 et
1416 1337 1699 1378 Waldemari
1729 1344 1768 1374 15

51 1413 179 1454 ducis
212 1416 254 1454 et
276 1412 521 1453 Absolonis
544 1412 879 1466 archiepiscopi
904 1412 1095 1453 sollicite
1118 1411 1474 1466 requisiuerunt‚
1507 1410 1702 1463 qualiter

50 1486 264 1527 deberent
309 1485 356 1526 in
396 1498 535 1526 causa
574 1486 821 1539 procedere
861 1489 1129 1526 memorata.
1191 1485 1248 1524 Vt
1293 1488 1447 1524 autem
1486 1483 1701 1524 voluntas

50 1572 207 1599 eorum
239 1558 286 1599 in
318 1559 407 1599 hac
438 1562 564 1611 parte
596 1558 777 1612 plenius
801 1548 1089 1611 agnoscatur,
1123 1571 1282 1599 eorum
1308 1556 1475 1610 scripta
1499 1555 1699 1596 inuicem

51 1635 92 1672 et
135 1632 193 1672 ad
238 1631 413 1672 iudices
459 1631 686 1684 predictos
734 1630 848 1672 scire
902 1630 1196 1685 cupientibus
1250 1629 1432 1684 plenius
1479 1632 1585 1669 sunt
1631 1641 1700 1669 ex-

51 1717 218 1758 pressa,
251 1707 331 1745 etc.
1726 1708 1769 1739 20

84 1802 87 1804 ’
140 1810 367 1856 [Hactenus
399 1821 651 1857 anonymus,
699 1809 772 1846 sed
804 1810 974 1858 scripta,
1015 1820 1111 1856 quae
1142 1809 1184 1845 in
1217 1809 1300 1846 fine
1332 1811 1551 1857 memorat,
1598 1807 1702 1843 desi-

52 1879 262 1924 derantur,
295 1879 353 1915 uti
386 1882 425 1915 et
456 1879 661 1915 sententia
692 1879 780 1915 sive
811 1882 985 1916 eventus
1017 1878 1343 1923 controversiae]

136 1983 171 2019 6.
214 1983 584 2019 calumniebantur
622 1983 667 2027 R,
711 1994 811 2019 corr.
846 1983 884 2019 S.
974 1982 1106 2018 eciam
1144 1980 1254 2032 (ece)
1290 1981 1346 2027 G;
1392 1982 1500 2017 inter
1535 1978 1618 2029 (ΙΨ)
1655 1980 1700 2017 C.

53 2041 88 2076 9.
122 2040 249 2076 Cuius
281 2041 370 2089 (Co)
403 2040 457 2086 G3
505 2041 609 2076 Cum
642 2041 729 2085 (Cn)
762 2040 807 2077 C.
884 2041 944 2077 12.
977 2039 1136 2076 scilicet
1167 2041 1221 2085 (st)
1253 2039 1346 2076 add.
1381 2039 1429 2076 G.
1510 2039 1573 2076 13.
1607 2049 1702 2074 auc-

53 2097 216 2133 toritate
255 2097 294 2134 S.
373 2098 435 2134 15.
478 2098 629 2134 Canuti
670 2098 714 2134 R.
770 2097 1041 2139 sValdemari
1084 2097 1162 2134 SH.
1242 2098 1303 2133 16.
1345 2096 1569 2133 Absolonis
1613 2095 1702 2139 8³3

52 2154 270 2191 Absalonis
304 2155 346 2191 R.
437 2155 615 2192 sollicite
649 2156 740 2200 RH3
787 2156 951 2192 solicite
983 2155 1023 2192 S.
1103 2156 1166 2191 22.
1198 2155 1417 2191 sententiae
1451 2154 1495 2199 R,
1526 2165 1627 2190 corr.
1661 2152 1723 2188 Se
