2242 3551
526 231 584 258 DE
619 230 809 259 EsmLLO
845 231 899 258 ET
934 230 1124 259 PA'rssvis
1157 229 1256 258 E1vs
1642 219 1721 257 437

60 349 129 390 sui
171 347 363 388 minime
410 357 604 398 compos
651 349 759 385 erat.
822 346 1184 398 Verumptamen
1235 358 1288 385 ex
1336 345 1498 385 eodem
1540 348 1723 385 mortuo

59 422 119 463 nil
162 420 288 461 aliud
331 430 578 472 agnoscere
620 420 799 470 poterat
831 417 919 458 nisi
952 418 1250 458 solummodo
1291 421 1427 470 caput
1471 420 1512 457 et
1550 416 1720 458 collum

59 498 102 536 et
132 492 449 535 summitatem
482 490 801 544 scapularum;
839 490 1016 544 reliqua
1049 503 1251 544 namque
1285 503 1391 542 pars
1422 489 1630 542 corporis
1661 489 1721 529 ita

59 567 216 608 ardere
265 565 521 616 videbatur,
569 567 617 604 ut
664 562 791 603 nulla
841 563 1024 616 penitus
1071 563 1117 603 in
1165 575 1218 602 eo
1263 562 1581 603 membrorum
1626 562 1723 602 lini-

58 643 241 681 amenta
282 637 542 679 discernere
584 640 752 689 posset,
800 648 884 676 nec
922 635 1179 690 quidquam
1221 635 1345 675 aliud
1391 639 1594 676 cerneret
1634 635 1721 676 nisi
1750 643 1764 670 ῖ-

60 713 315 764 flammam,
357 723 447 765 que
478 713 626 750 totum
662 721 768 749 eum
802 712 1126 762 occupauerat.
1190 708 1399 762 Cumque
1432 708 1719 762 aliquamdiu

59 786 124 826 sic
170 783 448 825 miserabilis
495 781 799 836 apparuisset,
847 782 1033 822 tandem
1084 781 1142 821 ab
1185 780 1330 821 oculis
1374 780 1472 821 eius
1512 781 1722 821 sublatus

59 862 136 900 est.
187 857 272 899 Sed
307 856 559 897 fraternam
591 854 798 895 animam
833 867 972 907 super
1003 853 1215 905 angustia
1249 866 1331 893 sua
1365 864 1534 905 magno
1564 854 1723 894 dolore

59 930 426 973 conterebratam
454 928 661 982 reliquit3
694 927 773 982 qui
806 927 953 968 eciam
987 930 1169 980 postera
1203 925 1276 966 die
1308 926 1495 966 veniens
1528 926 1574 966 in
1606 927 1722 980 capia

61 1004 209 1045 tulum
252 1003 594 1043 monachorum
635 1001 779 1041 multa
821 1000 1070 1040 missarum
1110 1003 1151 1039 et
1189 998 1460 1039 oracionum
1504 999 1721 1051 inpendia

59 1090 141 1131 pro
176 1076 338 1117 eodem
373 1078 558 1115 mortuo
590 1073 869 1128 impetrauit.
900 1097 952 1100 —

144 1185 194 1225 V.
247 1147 458 1234 Verum,
506 1182 729 1236 quoniam
771 1180 977 1233 germani
1019 1180 1133 1220 tanti
1172 1178 1405 1233 pontificis
1439 1180 1721 1220 mentionem

60 1258 267 1309 fecimus,
315 1268 612 1309 nequaquam
646 1254 903 1295 absurdum
936 1267 1053 1305 reor,
1095 1253 1133 1293 si
1165 1251 1311 1293 eciam
1344 1252 1543 1292 duorum
1579 1265 1716 1292 auun-

60 1331 271 1372 culorum
314 1328 413 1370 eius
456 1327 714 1382 preciosam
748 1326 795 1367 in
828 1330 1078 1380 conspectu
1111 1325 1291 1366 domini
1324 1329 1535 1375 mortem,
1582 1338 1721 1379 quam

60 1402 331 1445 mirabiliter
391 1400 543 1454 gracia
607 1400 678 1441 dei
741 1404 1028 1452 meruerunt,
1090 1411 1527 1439 commemoremus.
1621 1399 1721 1438 Non

60 1489 225 1531 parum
258 1487 462 1528 namque
494 1474 688 1514 deuotas
710 1477 887 1514 mentes
910 1472 958 1513 in
981 1485 1189 1513 amorem
1214 1471 1384 1513 Christi
1407 1471 1722 1512 flammescere

61 1561 315 1604 speramUS,
349 1547 386 1587 si
418 1547 626 1587 eiusdem
658 1546 962 1600 redemptoris
995 1545 1141 1587 nostri
1176 1544 1290 1585 inira
1324 1548 1366 1584 et
1396 1557 1498 1585 vere
1522 1544 1723 1585 iocunda

62 1621 303 1671 clementia
343 1620 463 1661 circa
505 1619 912 1660 sceleratissimum
955 1621 1244 1672 peccatorem
1286 1616 1539 1671 precordijs
1579 1617 1724 1668 legen-

60 1695 175 1737 tium
209 1694 482 1735 insinuetur.

146 1767 288 1820 Igitur
320 1766 381 1820 hij
417 1767 510 1807 duo
545 1767 719 1816 iratres,
761 1779 814 1806 ex
847 1764 1190 1818 preclarissimo
1226 1765 1467 1805 Danorum
1500 1762 1723 1815 sanguine
1750 1771 1768 1784 ‘¹

62 1840 268 1892 oriundi.
330 1840 447 1880 inter
498 1843 615 1880 terre
669 1839 793 1880 illius
839 1851 1053 1892 proceres
1100 1842 1204 1891 post
1249 1848 1400 1890 regem
1449 1836 1725 1877 videbantur

62 1913 368 1956 sublimiores.
458 1913 588 1953 Vnus
633 1916 789 1953 autem
836 1925 890 1952 ex
937 1911 1023 1963 eis,
1072 1910 1277 1951 Eskillus
1325 1909 1533 1959 nomine,
1581 1909 1722 1948 homo

61 1987 308 2029 bellicosus
341 1990 383 2026 et
415 1985 589 2026 carnali
621 1985 824 2039 potentia
857 1984 1080 2035 tumidus,
1119 1996 1226 2024 cum
1260 1986 1378 2024 esset
1409 1982 1567 2022 animo
1601 1981 1721 2020 ferus

63 2065 198 2115 atque
237 2058 468 2109 terribilis,
516 2058 713 2099 multum
755 2057 993 2110 sanguinis
1040 2056 1264 2097 fundebat
1309 2060 1351 2096 et
1397 2055 1517 2095 mala
1568 2049 1733 2106 perpe-'

62 2133 212 2174 trabat
257 2133 515 2172 innumera.
578 2132 702 2171 Alter
748 2144 870 2183 vero,
918 2129 1108 2171 nomine
1156 2129 1321 2180 Sueno,
1368 2127 1437 2168 vir
1484 2125 1721 2166 sanctitate

64 2207 152 2247 vite
192 2204 466 2259 perspicuus
507 2208 644 2258 atque
676 2204 924 2258 episcopus
955 2202 1269 2254 Wibergensis
1302 2204 1417 2250 erat3
1464 2199 1543 2253 qui
1575 2198 1721 2238 eciam

64 2278 254 2332 precelsi
302 2277 480 2329 generis
527 2277 796 2329 dignitatem
837 2275 1060 2328 elegantia
1102 2287 1288 2315 morum
1330 2276 1467 2326 atque
1514 2281 1722 2324 preroga-

155 2377 214 2413 12.
247 2377 420 2412 Verum:
452 2375 549 2412 hinc
582 2375 723 2422 incipit
754 2375 795 2410 in
814 2374 996 2411 Exordio
1013 2373 1165 2420 Mayno
1192 2371 1364 2408 distinct.
1390 2370 1457 2406 III.
1481 2380 1567 2415 cap.
1587 2367 1719 2404 XXVI.

64 2435 111 2470 In
128 2434 235 2470 ΑΒΕ
260 2433 346 2470 haec
370 2433 515 2479 capilis
543 2433 754 2479 inscriptio
786 2435 859 2469 est:
895 2433 954 2468 De
986 2431 1097 2468 felici
1129 2428 1504 2466 consummacione
1537 2427 1720 2462 duorum

65 2492 386 2538 peregrinorum
406 2488 651 2539 sepulc(h)ri
671 2490 844 2535 domini,
869 2488 1184 2525 auunculorum
1210 2484 1398 2533 dom(i)ni
1419 2483 1566 2520 Eskilli
1587 2484 1722 2518 Dano-

65 2560 158 2585 rum
177 2548 489 2595 archiepiscopi
503 2547 738 2597 (Danorum
754 2558 833 2584 om.
848 2548 900 2591 Ᾱ;
920 2547 1021 2582 Dan.
1040 2543 1231 2591 archieffi
1244 2554 1323 2580 om.
1340 2540 1396 2590 E).
1448 2539 1723 2577 12-—19.11aec

65 2607 205 2642 omnia
239 2617 317 2642 om.
344 2606 401 2654 B;
435 2605 527 2641 ilem
561 2605 779 2651 Mam-ique
808 2603 886 2654 (C),
920 2604 991 2650 qui
1018 2614 1094 2649 pro
1128 2602 1174 2637 iis
1207 2601 1289 2636 alia
1322 2600 1369 2635 de
1399 2609 1473 2634 suo
1505 2597 1719 2633 substituit.

71 2665 133 2701 13.
165 2663 476 2700 auonculorum
519 2664 702 2699 duorum
735 2663 787 2706 Α;
836 2661 1076 2697 auunculus
1114 2659 1180 2695 hic
1201 2673 1245 2689 z
1269 2660 1457 2704 patruus.
1537 2656 1598 2690 14.
1632 2665 1720 2701 pre-

65 2722 223 2757 ciosam
245 2723 488 2765 ..mortem‚
531 2720 603 2766 cfr.
636 2720 789 2756 Psalm.
829 2719 916 2762 115,
938 2718 1001 2754 15.
1080 2717 1144 2752 20.
1177 2716 1232 2762 hij
1268 2725 1346 2750 om.
1382 2714 1425 2749 Β.
1518 2712 1721 2758 sanguine

68 2779 284 2814 Danorum
319 2779 363 2814 Β,
440 2778 504 2814 22.
537 2789 585 2813 ex
617 2777 700 2813 illis
734 2778 778 2812 B.
870 2776 1038 2811 Eskilus
1073 2774 1115 2817 E,
1159 2775 1201 2808 nt
1237 2772 1342 2807 solet.
1420 2770 1484 2806 24.
1521 2769 1720 2805 terribilis

67 2836 183 2872 vultu
221 2835 265 2872 C.
358 2835 575 2880 sanguinis
615 2836 662 2879 E;
709 2834 956 2880 sanguinem
991 2831 1072 2868 AC.
1150 2830 1329 2865 24-25.
1373 2827 1481 2863 mala
1522 2838 1560 2873 p.
1601 2827 1721 2862 innu-

68 2904 182 2929 mera
228 2894 282 2933 A;
340 2892 449 2928 mala
496 2893 580 2929 inn.
631 2891 820 2938 quotidie
869 2900 983 2936 perp.
1033 2888 1123 2932 1303
1178 2886 1307 2922 multa
1356 2885 1464 2920 mala
1512 2894 1627 2930 perp.
1676 2883 1720 2918 B.

68 2950 247 2986 25—26.
266 2951 330 2986 vir
358 2950 579 2986 sanctitate
604 2949 686 2985 vite
710 2947 963 2995 perspicuus
986 2944 1131 2991 scripsi
1151 2943 1310 2992 (malim
1337 2944 1472 2978 tamen
1491 2941 1720 2987 precipuus

67 3009 140 3043 aut
168 3005 462 3055 conspicuus);
496 3007 558 3042 vir
589 3009 731 3042 sancte
764 3005 846 3040 vite
878 3014 1017 3050 persp.
1042 3003 1129 3046 ΑΕ;
1161 3000 1382 3036 sanctitate
1414 2999 1478 3035 vir
1501 3009 1640 3045 persp.
1668 2998 1719 3040 134

67 3067 223 3100 sanctae
256 3065 350 3100 vitae
382 3065 446 3100 vir
474 3074 611 3110 persp.
638 3063 684 3099 C.
748 3062 813 3098 26.
841 3059 1138 3106 Wybergensis
1165 3058 1208 3093 Β.
1277 3057 1341 3092 27.
1370 3056 1611 3102 dignitatem
1633 3054 1719 3095 A&

69 3121 329 3157 nobilitatem
366 3121 407 3156 E.
498 3130 664 3155 morum
699 3118 902 3164 elegantia
936 3116 980 3153 C.

1754 1007 1791 1036 10

1747 1404 1791 1438 25
