2242 3551
430 237 662 267 Exonmvm
696 236 973 266 MONASTERH
1007 238 1135 268 CARAE
1168 238 1340 268 INSVLAE
1628 227 1710 267 255

61 355 161 397 bilis
187 352 502 404 dominus.T.,
535 350 797 392 Arusiensis
820 351 1079 405 episcopus,
1113 353 1276 406 spretis
1308 352 1558 406 apostolice
1592 352 1711 392 sedis

61 425 307 482 priuilegijs
354 429 396 466 et
440 423 729 465 libertatibus
775 423 925 464 ordini
973 429 1131 466 nostro
1178 424 1369 465 indultis
1415 437 1469 465 ac
1514 424 1561 464 in
1607 436 1712 464 con-

62 503 282 553 temptum
337 497 688 538 institucionum
742 495 887 536 nostri
943 497 1130 550 capituli
1187 496 1431 549 generalis,
1493 496 1710 537 dilectum

62 572 329 613 coabbatem
384 574 594 611 nostrum
644 569 914 610 Thuronem
970 573 1011 610 et
1065 574 1347 611 conuentum
1398 569 1511 610 Care
1559 569 1713 610 Insule

61 643 248 686 diuersis
304 642 655 696 grauaminibus
701 641 927 695 inquietat
971 654 1026 682 ac
1071 643 1303 693 molestat,
1365 642 1713 695 procurationes

62 715 283 757 indebitas
316 720 359 757 et
390 715 649 769 superfluas
688 715 746 755 ab
786 714 958 755 eisdem
1000 714 1238 767 exigendo,
1285 715 1529 756 monachis
1571 727 1714 755 sacer-

62 788 243 830 dotibus
289 787 666 841 captiuationem,
713 787 902 828 uincula
949 791 991 828 et
1037 800 1241 828 carceres
1290 787 1542 839 inferendo,
1592 788 1713 828 bona

62 874 217 902 eorum
251 865 292 901 et
323 860 535 913 grangias
567 873 661 901 non
694 860 845 901 solum
879 860 1181 912 deuastando,
1229 873 1391 901 uerum
1431 860 1568 901 etiam
1610 873 1714 901 con-

63 947 216 975 uersos
263 934 310 974 in
358 933 531 974 eisdem
579 933 822 974 existentes
863 931 1063 984 grauiter
1109 932 1412 985 uerberando,
1460 933 1628 973 uillicis
1674 937 1716 973 et

62 1007 234 1049 colonis
279 1019 441 1047 eorum
488 1005 670 1059 iniurijs
716 1005 1053 1058 multiplicibus
1099 1005 1387 1057 iniuriando,
1439 1005 1486 1045 in
1533 1009 1712 1046 tanturn

62 1079 183 1134 quod
216 1082 474 1120 conuentus
506 1079 553 1119 in
586 1078 717 1120 breui
756 1078 813 1118 sit
854 1078 1202 1131 dispergendus,
1249 1081 1291 1118 et
1332 1077 1505 1118 desinet
1542 1078 1714 1118 ibidem

64 1165 159 1193 esse
197 1151 404 1203 abbacia,
451 1151 540 1192 nisi
580 1164 604 1192 a
648 1155 799 1192 uestra
839 1150 1104 1203 dignatione
1144 1150 1232 1191 sibi
1264 1150 1401 1191 fuerit
1432 1151 1714 1191 subuentum

65 1237 248 1279 quoquo
273 1225 434 1265 modo:
468 1248 522 1252 —
547 1224 693 1278 Super
717 1223 806 1277 hijs
830 1228 985 1265 autem
1018 1223 1238 1264 omnibus
1270 1223 1458 1275 grauius
1490 1224 1716 1275 dolemus,

65 1299 185 1352 quod
226 1298 252 1349 †
283 1301 485 1338 uestram
525 1297 647 1338 dicto
689 1297 846 1338 abbati
888 1300 931 1338 et
962 1296 1212 1337 conuentui
1252 1300 1427 1337 uertere
1470 1296 1631 1337 nititur
1669 1296 1715 1336 in

64 1371 299 1422 offensam,
332 1370 489 1411 dicens
522 1383 598 1411 eos
632 1373 786 1411 uestro
818 1370 986 1411 honori
1018 1369 1062 1410 in
1098 1369 1225 1410 curia
1257 1368 1437 1410 domini
1469 1368 1717 1410 cardinalis

65 1444 324 1496 derogasse;
357 1444 482 1497 quod
515 1456 672 1484 coram
706 1455 891 1484 summo
923 1442 1076 1483 iudice
1108 1442 1278 1482 falsum
1310 1441 1451 1482 fuisse
1483 1445 1719 1490 testamur,

65 1517 141 1557 sed
174 1515 441 1569 simpliciter
471 1515 666 1557 iniurias
698 1516 785 1556 sibi
809 1529 835 1557 a
860 1519 1118 1557 memorato
1143 1515 1361 1568 episcopo
1386 1514 1535 1555 illatas
1561 1527 1717 1555 coram

65 1588 284 1630 cardinali
309 1592 529 1643 tanquam
557 1589 708 1630 iudice
733 1589 1042 1630 ecclesiastico
1063 1591 1170 1629 sunt
1188 1586 1427 1641 conquesti
1446 1602 1518 1627 —1
1554 1587 1719 1639 Digna·

65 1661 233 1702 tionem
280 1661 417 1713 igitur
462 1665 665 1702 uestram
712 1662 827 1703 fusis
872 1661 1077 1702 lacrimis
1122 1660 1450 1714 imploramus,
1501 1659 1719 1713 quatinus

66 1746 219 1775 amore
256 1737 298 1774 et
338 1734 514 1775 honore
552 1734 691 1786 illius,
739 1734 817 1788 qui
860 1734 1175 1788 captiuitatem
1216 1737 1424 1774 nostram
1465 1746 1548 1773 sua
1590 1732 1719 1772 duxit

67 1806 229 1847 uirtute
283 1807 539 1860 captiuam,
594 1807 838 1848 dominum
893 1807 1163 1861 episcopum
1211 1806 1506 1846 Arusiensem
1559 1805 1720 1846 litteris

67 1879 224 1919 uestris
270 1880 343 1920 uel
389 1880 573 1934 nuncijs
619 1880 872 1932 dignemini
920 1892 1238 1931 commonere,
1293 1883 1339 1919 ut
1392 1891 1498 1932 sepe
1544 1878 1718 1919 dictum

67 1952 276 1993 abbatem
324 1956 365 1993 et
411 1957 694 1994 conuentum
744 1966 880 1994 suum
927 1952 1118 1993 desistat
1163 1952 1440 2006 perturbare.
1504 1951 1639 2001 Quod
1683 1950 1720 1990 si

69 2024 274 2077 noluerit,
321 2036 424 2078 egre
470 2038 564 2066 non
610 2025 766 2067 feratis
808 2025 1122 2078 dedignantes,
1170 2026 1294 2078 quod
1342 2037 1426 2065 nos
1473 2037 1564 2065 una
1613 2036 1717 2064 cum

69 2096 230 2138 dilecto
270 2098 493 2139 coabbate
536 2102 693 2139 nostro
733 2102 776 2139 et
814 2102 1047 2140 conuentu
1088 2098 1295 2138 eiusdem
1334 2109 1523 2138 causam
1563 2109 1719 2137 coram

68 2168 215 2211 iudice
255 2174 412 2211 nostro
451 2171 760 2212 ecclesiastico
808 2172 881 2212 uel
928 2170 1161 2212 iudicibus
1207 2170 1265 2210 ab
1313 2183 1365 2210 eo
1413 2168 1735 2221 subdelegatis*

71 2254 414 2297 prosequamur,
462 2245 609 2285 donec
651 2257 789 2298 super
827 2244 965 2284 illatis
1002 2243 1184 2296 iniurijs
1223 2243 1409 2296 aliquod
1450 2255 1475 2282 a
1516 2241 1720 2295 predicto

71 2314 256 2356 domino
289 2316 352 2358 .T.
386 2316 604 2369 episcopo
636 2316 815 2357 iusticie
846 2316 1101 2370 receperint
1132 2316 1567 2369 complementum.«

153 2436 344 2493 (XLIII.)
396 2403 562 2481 Hanc
594 2439 789 2480 litteram
824 2452 931 2480 curn
962 2452 1040 2480 rex
1072 2438 1341 2485 audiuisset‚
1374 2442 1416 2479 et
1438 2438 1485 2478 in
1510 2437 1721 2491 proximo

73 2509 422 2564 subsequentem
471 2511 667 2552 litteram
714 2524 821 2553 cum
868 2525 894 2552 a
934 2511 1237 2552 referentibus
1277 2510 1586 2562 intellexisset,
1633 2523 1721 2563 qne

74 2583 210 2623 semel
255 2584 369 2625 lecta
415 2584 501 2624 fuit
546 2584 592 2624 in
640 2584 808 2638 placito
857 2584 1177 2635 Hiaelmaezlof,
1225 2583 1359 2624 nobis
1390 2580 1402 2636 Η
1439 2587 1567 2624 erant
1612 2586 1724 2636 aput

73 2665 220 2706 regem
253 2659 295 2696 et
326 2657 529 2697 uasallos
562 2670 669 2698 suos
701 2657 834 2712 quasi
867 2657 1126 2698 fomentum
1160 2656 1354 2696 malicie.

161 2784 220 2821 11.
257 2785 420 2822 desinet
457 2786 618 2834 scripsi;
666 2786 820 2822 desinit
859 2785 922 2823 CS.
998 2786 1091 2823 Τοῖα
1138 2786 1267 2822 oratio
1314 2785 1420 2821 male
1466 2784 1722 2830 conformata

76 2843 140 2887 est,
185 2852 277 2878 cum
314 2843 510 2879 sententia
550 2843 793 2890 principalis
824 2844 1096 2889 desideretur;
1141 2844 1225 2879 eius
1258 2843 1340 2878 vice
1368 2844 1474 2888 (post
1504 2842 1586 2887 illa,
1635 2852 1724 2887 quae

74 2898 340 2943 parenthetice
369 2903 465 2936 sunt
497 2901 664 2937 inserta:
699 2902 835 2948 Super
867 2902 948 2948 hijs
967 2932 973 2938 .
994 2931 999 2937 .
1017 2904 1116 2937 sunt
1138 2900 1375 2946 conquesti)
1405 2900 1642 2946 funguntur
1664 2910 1722 2941 ea,

77 2964 162 3000 quoe
193 2954 363 3007 inferius
396 2969 429 2994 v.
466 2958 517 2993 18
540 2969 623 3005 sqq.
656 2958 861 3005 leyuntur:
911 2959 1203 3005 Dignationem
1237 2957 1363 3003 igitur
1394 2959 1462 2995 etc,
1542 2958 1603 2992 14.
1633 2958 1727 3003 post

78 3015 254 3051 uestram
295 3014 513 3061 Lanyebelc
549 3015 726 3062 gratiam
766 3015 959 3052 excidisse
993 3018 1133 3062 putat;
1179 3025 1252 3061 690
1287 3014 1423 3060 potius
1462 3014 1722 3050 uoluntatem

79 3071 168 3107 ante
208 3074 391 3108 uestram
431 3072 717 3119 suppleuerim.
796 3073 975 3109 20—21.
1019 3072 1606 3119 captiuitatem..captiuamz
1654 3071 1724 3117 cfr.

80 3124 217 3218 ἐξῆρε.
251 3128 285 3173 4,
305 3129 329 3165 8
362 3129 527 3174 (Psalm.
560 3129 623 3173 67,
644 3130 722 3174 19).
792 3130 856 3166 22.
890 3133 935 3166 ut
967 3128 1200 3175 Lcmqebelc3
1232 3132 1272 3165 et
1304 3127 1368 3165 CS.
1430 3129 1493 3164 23.
1519 3129 1724 3175 „pturbare

135 3212 143 3227 ,
173 3195 337 3222 correxi.

1742 1010 1783 1040 10

1745 1373 1785 1404 15

1746 1737 1787 1767 20

1746 2100 1789 2130 25

1748 2516 1791 2546 30

1749 2587 1820 2619 Fol.
1839 2583 1910 2618 41‘1
