2242 3551
241 337 302 368 iol.
320 333 391 368 64V.

353 918 394 950 10

248 1132 309 1163 fol.
323 1127 392 1163 65¹.

353 1282 394 1312 15

352 1646 395 1677 20

178 2007 241 2040 fol.
256 2004 328 2041 65⁸⁹.
353 2009 396 2040 25

417 132 500 173 424
763 141 1039 171 SCRIPTORES
1072 139 1300 169 msromAE
1332 139 1511 167 DANICAE
1542 138 1743 167 MlNonEs

418 259 482 299 rei
516 256 733 312 probauit
764 259 971 306 euentus,
1004 254 1226 295 membris
1258 253 1470 295 omnium
1504 252 1684 307 placide
1716 252 1858 306 quieti
1882 251 2034 293 somni
2064 249 2076 305 Η

418 330 701 372 cedentibus.
749 329 867 369 Nam
901 331 1080 381 postera
1114 330 1247 367 nocte
1279 327 1442 367 eodem
1476 327 1834 367 Hardecnutone
1859 325 1907 366 in
1932 328 2075 366 stratu

419 403 695 457 quiescente,
742 400 967 441 diuinitus
1005 400 1207 453 quedam
1240 398 1498 440 ostenditur
1529 398 1663 449 uisio‚
1710 410 1799 452 que
1831 411 1936 439 eum
1970 410 2082 439 con·

418 476 592 516 fortans
625 478 667 515 et
698 473 946 514 consolans
977 472 1082 512 forti
1115 472 1242 512 iubet
1270 484 1369 512 esse
1392 471 1563 512 animo.
1614 471 1835 511 Hortatur
1856 475 2075 524 preterea,

418 561 475 589 ne
514 549 572 588 ab
611 548 793 600 incepto
840 545 1095 595 desisteret3
1143 545 1250 598 quia
1298 556 1555 597 paucarum
1602 544 1782 584 dierum
1830 543 2075 584 interuallo

418 621 616 661 iniustus
648 619 774 671 regni
808 619 1011 670 inuasor,
1046 617 1278 658 Haroldus
1312 616 1498 667 scilicet,
1531 616 1772 665 occideret,
1810 620 1852 656 et
1883 627 2076 667 regnum

419 692 577 746 patriis
610 691 789 732 uiribus
822 691 1052 732 domitum
1085 690 1188 742 sibi,
1234 690 1355 730 iusto
1389 688 1560 741 heredi,
1606 688 1859 729 iustissima
1901 700 2083 732 succes--

420 766 548 806 sione
579 764 813 805 incolume
845 764 1023 805 rediret.

507 839 570 878 10.
636 836 873 888 Euigilans
911 836 1048 888 igitur
1086 836 1343 877 somniator
1383 835 1554 875 talibus
1594 833 1770 875 inditiis
1811 833 1976 875 certior
2013 834 2083 885 fit,

421 915 463 952 et
492 912 577 951 deo
611 909 918 962 omnipotenti
949 912 1073 959 tante
1105 907 1438 949 consolationis
1480 920 1620 948 causa
1658 906 1827 959 gratias
1858 906 2086 956 reddidit,

419 984 650 1036 simulque
682 982 837 1022 futura
870 982 1135 1022 nullatenus
1168 981 1361 1030 dubitat,
1409 993 1497 1034 que
1536 979 1623 1020 sibi
1663 983 1919 1020 memorata
1959 979 2086 1019 uisio-

420 1055 690 1110 predixerat.
773 1054 982 1108 Denique
1030 1054 1172 1094 maris
1218 1054 1284 1094 ira
1333 1057 1495 1106 pacata
1542 1052 1764 1105 omnique
1811 1055 2081 1104 tempestate

420 1130 576 1169 sedata
617 1127 849 1181 prosperis
892 1127 1078 1167 flatibus
1118 1126 1248 1166 sinus
1286 1125 1449 1179 pandit
1480 1126 1716 1175 uelorum,
1763 1122 1774 1179 [ᾗ
1820 1125 1976 1178 sicque
2016 1137 2088 1164 se-v

419 1202 572 1242 cundo
606 1213 717 1241 usus
750 1212 888 1240 cursu
921 1201 978 1240 ad
1014 1200 1297 1251 Brugensem
1331 1211 1428 1239 sese
1467 1197 1691 1252 applicuit
1730 1201 1929 1251 portum.
1994 1197 2084 1237 Hic

420 1273 636 1314 anchoris
689 1273 1048 1327 rudentibusque
1103 1272 1305 1312 nauibus
1361 1271 1510 1311 affixis
1559 1275 1601 1311 et
1646 1271 1820 1323 nautis,
1877 1269 1956 1324 qui
2003 1282 2088 1310 eas⁴

420 1349 669 1397 seruarent,
718 1345 940 1399 expeditis
979 1349 1100 1386 recta
1142 1358 1189 1385 se
1229 1344 1303 1385 uia
1345 1357 1452 1384 cum
1492 1343 1678 1384 delectis
1718 1343 1775 1383 ad
1816 1342 2079 1396 hospicium

421 1419 573 1471 dirigit
614 1418 786 1459 matris.
850 1418 1013 1468 Qualis
1060 1429 1165 1470 ergo
1213 1430 1365 1458 meror
1412 1411 1655 1471 qualisque
1702 1415 1843 1457 letitia
1891 1416 1937 1456 in
1982 1415 2087 1456 eius*

420 1493 623 1532 aduentu
662 1490 799 1532 fuerit
840 1494 1010 1542 exorta,
1057 1490 1185 1531 nulla
1223 1490 1306 1530 tibi
1346 1502 1571 1543 umquam
1612 1488 1860 1541 explicabit
1899 1488 2087 1541 pagina..

422 1565 565 1605 Dolor
604 1565 729 1604 haud
769 1563 982 1604 modicus
1027 1563 1299 1614 habebatur,
1347 1563 1459 1602 dum
1507 1562 1553 1601 in
1601 1562 1735 1602 uultu
1778 1561 1876 1602 eius
1914 1560 2079 1601 faciem

422 1637 645 1691 perempti
690 1640 836 1677 mater
882 1637 1085 1689 quadam
1131 1635 1464 1687 imaginatione
1511 1634 1924 1687 contemplaretur3
1970 1633 2080 1673 item

421 1710 589 1762 gaudio
622 1720 791 1761 magno
824 1709 1066 1760 gaudebat,
1109 1709 1221 1748 dum
1256 1708 1547 1760 superstitem
1582 1707 1766 1747 saluum
1800 1707 1960 1747 adesse
1994 1705 2081 1745 sibi

422 1782 620 1823 uidebat.
671 1782 802 1822 Unde
827 1782 1006 1828 uiscera
1033 1781 1189 1830 diuine
1214 1779 1529 1830 misericordie
1557 1793 1602 1820 se
1636 1779 1809 1820 sciebat
1839 1778 2087 1831 respicere„

423 1868 528 1895 cum
563 1855 773 1895 nondum
805 1854 885 1894 tali
918 1854 1213 1894 frustraretur
1245 1853 1484 1893 solamine.
1544 1853 1638 1893 Nec
1669 1853 1803 1904 longe
1835 1855 1951 1905 post,
1983 1850 2084 1890 filio-

423 1941 529 1969 cum
563 1931 707 1968 matre
740 1931 949 1968 morante
977 1931 1019 1967 et
1044 1929 1298 1974 memorate
1324 1925 1518 1966 uisionis
1544 1924 1774 1978 promissa
1799 1927 2080 1977 expectante,

423 2000 572 2040 nuntii
604 2001 692 2041 leta
724 1999 920 2040 ferentes
952 1999 1115 2039 nuntia
1138 1996 1149 2052 Η
1172 1999 1440 2049 aduentant,
1472 1998 1549 2051 qui
1584 1997 1800 2037 uidelicet
1822 1997 2082 2037 Haroldum

423 2076 659 2112 mortuum
693 2071 921 2112 nuntiant.
985 2072 1074 2122 Qui
1109 2071 1247 2111 etiam
1279 2070 1495 2122 referunt,
1528 2069 1744 2121 Anglicos
1778 2069 1818 2109 ei
1851 2068 2082 2122 principes

423 2145 545 2185 nolle
576 2145 829 2196 aduersari,
877 2145 957 2185 sed
998 2143 1287 2184 multimodis
1330 2142 1686 2183 iubilationibus
1719 2141 1807 2182 sibi
1840 2140 2082 2182 conletari:
2134 2179 2137 2181 ,

513 2264 547 2299 1.
581 2273 619 2309 p.
652 2262 712 2298 rei
745 2273 806 2308 pr.
840 2265 1034 2298 euentus:
1070 2262 1203 2297 Genes.
1238 2261 1304 2306 41,
1325 2260 1384 2297 13.
1476 2260 1606 2307 quieti
1640 2260 1778 2295 somni
1812 2259 1903 2304 AD3
1950 2258 2081 2304 quieti

424 2322 464 2355 et
494 2331 644 2355 somno
677 2330 812 2355 errore
842 2319 965 2355 Perlz.
1029 2319 1062 2355 2.
1098 2319 1202 2354 Nam
1236 2319 1290 2364 A,
1335 2321 1461 2363 atque
1496 2319 1538 2354 P.
1629 2320 1761 2353 strato
1795 2317 1839 2353 P.
1913 2316 1947 2351 5.
1981 2326 2082 2361 pau-

425 2386 570 2412 carum
591 2377 714 2421 ΑΡΒς
747 2387 982 2423 paucorum
1014 2387 1149 2411 errore
1171 2376 1296 2412 Pertz.
1362 2376 1396 2411 6.
1430 2375 1708 2420 occideretur,
1743 2377 1785 2410 vt
1804 2375 1847 2410 P.
1912 2373 1947 2408 9.
1982 2381 2081 2417 ergo

425 2434 690 2480 sompniator
739 2435 791 2477 P;
837 2436 1011 2470 ceterum
1058 2433 1128 2479 cfr.
1180 2433 1314 2469 Genes.
1357 2432 1421 2477 37,
1450 2433 1511 2468 19.
1618 2432 1775 2467 certior
1806 2446 1850 2462 Ξ
1879 2430 2081 2466 securior.

429 2492 604 2527 11—23.
644 2490 768 2527 Verba
801 2492 941 2527 omnia
974 2490 1213 2536 simulque.
1235 2519 1241 2525 .
1262 2489 1469 2525 solamine
1501 2500 1577 2525 om.
1613 2490 1657 2533 P,
1695 2499 1773 2534 pro
1804 2487 1965 2524 omissis
1996 2486 2092 2522 Iioec‘

428 2550 585 2584 tantum
627 2548 824 2585 scribens:
874 2559 1132 2594 emensoque
1172 2548 1277 2582 mari
1320 2548 1371 2582 ad
1411 2550 1587 2582 matrem
1628 2546 1821 2593 peruenit
1859 2545 2081 2590 eidemque

426 2605 561 2640 visum
610 2607 792 2652 exponit.
888 2605 949 2642 13.
997 2605 1249 2651 prosperis.
1280 2634 1285 2640 .
1315 2604 1522 2647 uelorum,
1568 2603 1638 2649 cfr.
1689 2602 1830 2649 Vergil.
1874 2601 1964 2637 AEn.
2012 2600 2080 2643 III,

427 2659 519 2697 2455.
540 2662 630 2706 520,
650 2663 700 2699 al.
766 2663 827 2699 15.
859 2662 1198 2707 rudentibusque
1229 2661 1374 2707 scripsi
1405 2664 1469 2705 (z
1492 2661 1699 2705 funibus),
1739 2659 2004 2704 rudibusque
2036 2659 2080 2693 Α.

430 2718 491 2753 19.
535 2722 628 2764 post
671 2719 820 2755 faciem
869 2718 922 2756 Ᾱ3
965 2730 1091 2765 supra
1139 2729 1298 2754 versum
1347 2718 1439 2754 add.
1486 2718 1640 2763 fratris,
1686 2717 1794 2763 quod
1840 2716 1987 2761 recepit
2026 2715 2079 2760 D;

428 2775 571 2810 rectius
604 2779 737 2812 tamen
772 2779 871 2812 esset
901 2777 987 2812 filii.
1056 2777 1122 2812 21.
1154 2776 1307 2822 gaudio
1341 2787 1393 2811 m.
1427 2775 1648 2821 gaudebat,
1694 2774 1764 2819 cfr.
1800 2772 1891 2809 Tob.
1927 2773 1989 2816 11,
2009 2772 2081 2814 21,-

429 2830 566 2868 Mattlz.
585 2832 622 2878 2,
638 2833 699 2869 10.
764 2834 827 2869 22.
846 2834 1011 2869 uiscera
1031 2834 1068 2869 d.
1090 2833 1405 2875 misericordiae,
1430 2832 1500 2878 cfr.
1519 2832 1613 2868 Luc.
1635 2832 1668 2875 1,
1689 2831 1760 2875 7&
1795 2830 1941 2866 Coloss.
1961 2828 1998 2874 3,
2020 2828 2080 2865 12.

429 2889 493 2924 23.
517 2889 770 2926 frutraretur
789 2892 831 2934 A,
863 2902 963 2927 corr.
981 2890 1045 2927 Al.
1128 2890 1251 2936 longe
1271 2891 1320 2934 P,
1354 2888 1524 2935 slslongo
1543 2890 1574 2924 Α
1600 2891 1741 2933 (eraso,
1772 2889 1814 2923 ut
1838 2886 2004 2930 videtur,
2022 2885 2090 2928 Sc)-

430 2944 607 2981 23—24.
641 2947 1041 2994 filio..expectante
1073 2958 1149 2983 om.
1186 2948 1227 2984 P.
1291 2948 1353 2983 26.
1389 2950 1601 2982 mortuum
1636 2956 1727 2981 esse
1761 2957 1797 2980 n.
1824 2944 1865 2979 P.
1955 2943 2085 2978 etiam.

429 3002 482 3048 A3
515 3005 553 3037 et
587 3003 617 3036 P
650 3005 708 3047 (ut
737 3005 910 3049 saepius).

2229 0 2242 104 -.-ἱ.3.1α
