2242 3551
424 977 464 1007 10

424 1342 465 1372 15

309 1559 383 1591 Fol.
399 1557 469 1592 47‘.

422 1710 465 1740 20

423 2075 465 2105 25

423 2438 465 2468 30

491 192 572 231 268
834 203 1111 232 SCRIPTORES
1145 203 1372 233 Hlsromffi
1405 203 1582 232 DANICAE
1614 204 1814 234 MINORES

492 317 691 367 Quando
731 330 837 358 vero
875 316 1094 358 lectiones
1133 318 1189 358 de
1229 318 1371 359 biblia
1411 318 1457 359 in
1497 318 1623 359 festis
1661 319 1732 359 vel
1764 318 1887 359 feriis
1919 319 2146 372 habuerit,

492 390 648 430 nullus
680 403 756 430 eas
789 390 980 441 legendo
1013 389 1153 431 finem
1188 391 1305 443 fecit,
1352 396 1602 445 antequam
1641 391 1725 432 ‘Tu
1759 395 1923 432 autem⁷
1964 392 2144 434 diceret.

493 461 740 515 Sepissime
786 463 1027 515 proposuit
1073 463 1170 516 ipse
1217 465 1389 518 populo
1441 464 1512 505 dei
1559 464 1775 516 verbum,
1838 468 1899 516 et,
1960 466 2146 518 quando

492 534 680 575 missam
717 534 979 586 celebrauit,
1024 539 1065 577 et
1096 535 1194 588 ipse
1227 537 1495 589 predicauit.
1560 537 1669 576 Erat
1701 536 1823 577 enim
1857 537 1902 577 in
1937 550 2148 579 sermone

491 608 600 649 satis
641 609 870 650 facundus
910 613 951 650 et
992 610 1180 663 facetus,
1227 598 1333 666 (ila)
1380 613 1505 667 quod
1552 625 1713 652 omnes
1761 625 1867 652 eum
1909 613 2148 653 audientes

491 681 745 734 plurimum
779 682 885 723 facti
919 687 1026 723 sunt
1057 684 1262 737 letantes,
1295 685 1398 726 licet
1430 685 1490 725 ita
1523 685 1579 725 de
1608 697 1725 737 pena
1753 685 1998 737 malorum,
2032 685 2148 726 sicut

491 754 546 794 de
578 754 756 808 gaudijs
789 759 831 795 et
864 755 1040 809 premio
1073 756 1315 810 iustorum,
1348 757 1661 798 decertissime
1693 757 1980 810 loquebatur.

579 827 655 867 ΙΙΙ.
720 827 894 869 Diebus
941 832 1140 882 quatuor
1185 833 1462 883 temporum,
1509 842 1615 870 cum
1664 830 1921 870 secundum
1960 843 2148 871 consue-

490 899 697 940 tudinem
747 904 902 941 sancte
942 901 1131 942 ecclesie
1173 914 1443 943 consecrare
1484 914 1640 943 sacros
1680 902 1864 943 ordines
1906 904 2149 955 assolebat,

492 973 747 1014 examinari
786 974 891 1015 fecit
930 974 1120 1015 clericos
1160 975 1398 1028 diligenter
1437 977 1493 1016 de
1532 975 1638 1027 vita,
1686 976 1741 1017 de
1780 975 2048 1029 litteratura,
2094 977 2148 1017 de

491 1045 629 1096 fama,
662 1050 703 1087 et
736 1046 773 1087 si
805 1047 955 1088 alieno
989 1047 1138 1088 forent
1175 1048 1231 1089 de
1269 1049 1551 1102 episcopatu.
1615 1049 1732 1089 Nam
1773 1049 1887 1089 tales
1927 1062 2012 1090 nec
2051 1049 2148 1090 sine

492 1123 614 1159 certo
661 1119 794 1160 titulo
841 1133 926 1161 nec
972 1120 1069 1160 sine
1116 1120 1275 1161 litteris
1322 1120 1721 1174 commendaticijs
1768 1121 2013 1162 ordinauit.
2097 1123 2148 1163 In

492 1191 602 1244 ipsis
635 1196 789 1233 autem
815 1192 1057 1233 ordinibus
1084 1194 1410 1235 consecrandis
1438 1194 1503 1235 sic
1525 1194 1609 1234 fuit
1634 1194 1796 1234 efficax
1823 1198 1865 1235 et
1889 1196 2148 1248 predoctus,

491 1268 537 1304 vt
577 1264 748 1305 mirum
792 1264 837 1304 in
880 1266 1073 1306 modum
1115 1269 1263 1307 totum
1307 1280 1422 1320 pene
1455 1266 1661 1307 officium
1694 1266 1907 1307 retineret
1940 1271 1994 1319 et,
2042 1281 2148 1321 que-

493 1349 674 1391 cunque
715 1337 853 1378 verba
895 1338 1041 1390 vellet,
1089 1338 1225 1379 etiam
1268 1339 1365 1380 sine
1407 1339 1523 1380 libro
1564 1339 1766 1392 proferre
1806 1339 2149 1393 promptissime

492 1410 729 1462 potuisset.

580 1483 681 1523 IIII.
746 1483 795 1523 In
836 1483 1014 1524 arcium
1054 1484 1314 1525 liberalium
1356 1489 1398 1525 et
1437 1497 1673 1526 sacrarum
1716 1484 1914 1526 sciencia
1956 1486 2149 1540 scriptu—

496 1568 651 1596 rarum
684 1560 777 1596 tam
812 1556 1064 1610 perspicaci
1099 1557 1256 1598 calluit
1286 1558 1534 1611 intellectu,
1565 1567 1575 1611 Η
1606 1561 1666 1610 vt,
1708 1571 1815 1598 cum
1857 1558 2009 1599 clerici
2042 1558 2150 1599 satis

494 1628 683 1669 subtiles
716 1633 757 1669 et
789 1629 911 1669 acuti
943 1630 998 1670 de
1027 1629 1275 1670 Parisiensi
1299 1630 1451 1671 studio
1477 1631 1716 1683 redissent,
1749 1632 1806 1671 ad
1833 1644 1970 1671 Vnam
1996 1631 2149 1685 sepius

491 1701 780 1754 questionem
814 1714 891 1742 eos
924 1706 1117 1742 cornuto
1151 1703 1446 1744 concluderet
1477 1703 1743 1756 sillogismo.
1809 1704 1926 1744 Nam
1969 1704 2150 1745 dicebat

492 1774 556 1814 eis
589 1774 690 1815 ioco
720 1787 818 1827 suo,
851 1774 969 1816 sicut
992 1775 1153 1815 solitus
1180 1779 1288 1827 erat,
1321 1776 1549 1828 gracioso:
1588 1777 1704 1817 »Vos
1730 1777 1776 1816 in
1802 1780 1917 1817 etate
1942 1776 2148 1830 iuuenili,

492 1847 570 1899 qui
605 1847 749 1886 multa
781 1859 888 1887 cum
921 1848 1114 1888 lectione
1140 1849 1342 1889 sudastis
1365 1848 1412 1888 in
1439 1848 1591 1890 studio
1617 1849 1889 1889 facultatum
1916 1853 1959 1889 et
1983 1849 2148 1901 egressi

492 1919 599 1959 estis
632 1919 764 1974 quasi
797 1919 978 1960 nouiter
1009 1921 1064 1960 de
1097 1921 1296 1972 camino,
1343 1922 1501 1962 docete
1540 1935 1624 1962 nos
1667 1934 1811 1970 seneS‚
1859 1921 1937 1975 qui
1977 1922 2053 1963 vix
2090 1922 2147 1962 ab

492 1991 603 2032 olim
636 1996 821 2033 tenuem
853 1992 1046 2034 istarum
1080 2007 1235 2034 rerum
1274 1993 1493 2035 noticiam
1531 1994 1796 2035 retinemus.
1862 1995 2148 2047 Respondete

492 2064 652 2105 michi:
688 2064 811 2116 Quid
844 2065 975 2106 vobis
1008 2066 1217 2107 videtur‘?
1263 2067 1367 2107 Duo
1400 2071 1442 2107 et
1474 2067 1558 2107 tria
1591 2070 1697 2107 sunt
1729 2066 1948 2120 quinque,
1981 2071 2024 2108 et
2054 2080 2146 2108 non

493 2137 675 2189 plura‘?«
727 2138 795 2178 Ad
822 2138 958 2179 talem
985 2142 1027 2179 et
1051 2139 1342 2180 consimilem
1368 2139 1657 2193 questionem
1680 2139 1782 2192 ipsi,
1814 2140 2146 2193 perpendentes

493 2210 734 2262 perplexos
766 2211 914 2251 nodos
948 2211 1170 2264 propositi
1205 2212 1443 2264 sillogismi
1478 2216 1520 2252 et
1551 2212 1661 2265 quid
1694 2212 1741 2252 in
1776 2211 2025 2265 sophistica
2055 2216 2148 2253 arte

493 2282 713 2336 consequi
760 2283 995 2336 potuisset,
1043 2284 1146 2325 licet
1192 2285 1328 2336 vulgo
1376 2288 1650 2325 vocarentur
1693 2284 1913 2336 magistri,
1959 2284 2005 2324 in
2046 2297 2145 2325 con-

493 2359 650 2407 spectu
682 2359 836 2396 tamen
863 2355 961 2396 eius
987 2369 1150 2409 parum
1181 2360 1429 2410 potuerunt
1454 2357 1743 2410 respondere.
1793 2356 1955 2410 Sepius
1978 2360 2146 2408 tamen,

492 2414 719 2482 (quando)
751 2428 992 2469 familiaris
1025 2433 1141 2470 esset
1173 2442 1277 2469 cum
1318 2428 1496 2470 clericis
1536 2428 1645 2480 suis,
1693 2442 1776 2482 pro
1818 2429 1919 2470 ioco
1960 2442 2043 2471 suo
2084 2428 2146 2468 eis

581 2572 613 2607 1.
662 2569 842 2608 habueht
888 2572 933 2618 C,
979 2574 1089 2619 qnod
1135 2575 1271 2609 utrum
1319 2572 1515 2608 habuerit
1560 2584 1615 2608 cm
1662 2572 1871 2608 habuerat
1915 2572 2146 2619 siqnificare

492 2627 641 2674 debeat,
687 2629 868 2666 dubitari
902 2632 1052 2676 potest,·
1096 2630 1241 2666 rectius
1272 2633 1372 2666 esset
1408 2630 1583 2666 haberet
1626 2630 1685 2665 vel
1716 2630 1876 2674 habuit⁷
1924 2630 1985 2666 vel
2011 2630 2145 2675 potius

493 2685 753 2722 haberentur
798 2683 1029 2732 (halstenf).
1123 2688 1157 2724 2.
1204 2688 1266 2723 Tu
1315 2690 1453 2723 autem
1501 2689 1602 2723 recte
1648 2687 1694 2730 C,
1750 2687 1799 2722 de
1838 2697 1919 2733 qua
1963 2686 2145 2733 formula

427 2780 432 2783 ,
495 2743 681 2779 videatur
718 2755 751 2779 υ.
795 2755 825 2780 C.
870 2744 939 2780 Vit.
978 2744 1111 2781 sanct.
1144 2743 1250 2780 Dan.
1290 2745 1344 2780 ad
1377 2755 1418 2790 ρ.
1460 2745 1522 2790 15,
1550 2744 1597 2790 1,·
1637 2744 1727 2789 191,
1756 2743 1823 2789 10;
1870 2754 1964 2779 cum
2005 2746 2143 2780 autem

492 2800 579 2835 sine
618 2811 738 2837 sensu
772 2800 997 2848 Lanyebek.
1073 2803 1108 2838 5.
1140 2802 1196 2837 ita
1229 2801 1379 2838 addidi,
1457 2802 1490 2837 7.
1525 2800 1643 2838 verba
1676 2804 1715 2837 et
1746 2801 1909 2847 premio
1942 2801 1984 2836 in
2016 2809 2143 2846 mary.

493 2857 586 2893 add.
613 2857 657 2894 C.
748 2858 1036 2895 decertissime
1061 2859 1107 2904 C,
1140 2860 1161 2895 i.
1186 2869 1228 2905 e.,
1264 2860 1307 2895 ut
1337 2859 1495 2905 opinor,
1529 2858 1815 2894 disertissime.
1882 2858 1942 2893 13.
1968 2857 2143 2905 pdoctus

495 2913 548 2959 C3
587 2914 814 2960 perdoctus
850 2915 1074 2961 Lanyebelc.
1138 2916 1200 2953 19.
1234 2916 1409 2952 subtiles
1442 2914 1671 2951 minorffius
1704 2914 1842 2951 litteris
1872 2914 2068 2961 scriptum
2101 2914 2141 2950 in

496 2974 646 3007 textum
677 2975 815 3017 postea
849 2973 1019 3009 inseruit
1049 2973 1094 3009 C.
1169 2973 1231 3009 22.
1265 2973 1397 3009 multa.
1428 2982 1524 3008 cum
1557 2972 1736 3008 lectione
1768 2972 1951 3008 sudastis
1983 2970 2143 3017 scripsi3

496 3028 625 3063 multa
659 3039 753 3064 cum
788 3030 988 3066 lectiones
1017 3029 1020 3067 l
1049 3030 1226 3066 audistis
1254 3030 1287 3067 C
1321 3030 1516 3075 (lectione
1546 3029 1707 3075 scripsit
1733 3027 1958 3074 Lanyebelc,
1991 3028 2061 3064 sed
2089 3027 2145 3063 sic

496 3086 637 3122 vitium
671 3097 753 3122 non
788 3086 964 3131 tollitur).
1040 3087 1103 3123 28.
1135 3087 1242 3134 wlgo
1276 3087 1319 3124 C.
1397 3087 1461 3123 30.
1494 3086 1665 3134 quando
1696 3088 1781 3132 (qfi)
1825 3085 1865 3121 in
1895 3085 1978 3132 fine
2009 3094 2143 3121 versus

490 3146 583 3190 posi
614 3146 657 3179 ἰῇ
689 3143 886 3180 omissum
919 3155 1001 3180 esse
1033 3144 1198 3181 videtur.
