2242 3551
518 201 660 230 GESTA
693 201 917 230 CNVTONIS
949 202 1093 231 REffls.
1143 203 1276 233 Lmen
1310 204 1357 232 111
1687 191 1770 230 425

106 318 229 358 unde
270 327 464 369 regnum
505 315 784 357 hereditario
826 316 924 356 iure
971 316 1058 357 sibi
1106 317 1315 359 debitum
1364 331 1456 359 non
1499 318 1771 369 dedignetur

106 393 309 444 repetere
355 393 398 430 et
445 402 524 439 sue
572 388 781 441 dignitati
830 402 1086 442 eorumque
1126 391 1264 431 saluti
1306 391 1431 431 iuxta
1472 391 1519 431 in
1561 391 1767 432 medium

107 463 360 504 consulere.

193 538 258 577 11.
324 535 406 575 His
448 535 746 576 Hardecnuto
789 538 1027 588 materque
1074 535 1267 577 animati
1314 541 1516 590 repetere
1563 541 1769 578 statuunt

106 610 244 650 horas
277 607 390 648 auiti
420 608 562 660 regni.
612 607 755 649 Cuius
786 607 852 648 rei
883 607 1006 648 fama
1041 612 1090 648 ut
1123 610 1371 662 populares
1403 609 1587 663 impulit
1619 623 1767 661 aures,
1795 617 1814 647 5

106 695 215 723 mox
260 685 427 722 cuncta
473 681 633 722 dolore
680 684 723 720 et
769 680 895 720 luctu
950 681 1173 734 compleri
1228 694 1451 723 cerneres.
1539 683 1769 723 Dolebant

105 754 228 796 enim
261 754 428 795 diuites
460 753 559 794 eius
591 753 864 804 recessione,
898 753 1031 794 cuius
1064 766 1247 807 semper
1277 755 1468 795 amabili
1495 755 1768 796 fruebantur

106 827 450 878 conlocutione,
483 826 704 867 dolebant
735 839 963 880 pauperes
989 826 1088 867 eius
1113 827 1388 879 recessione,
1421 827 1554 869 cuius
1576 828 1767 869 diutinis

105 900 426 953 largitionibus
459 899 518 940 ab
550 899 762 952 egestatis
794 899 1159 940 defensabantur
1190 912 1353 950 onere;
1385 900 1605 941 dolebant
1630 901 1768 951 uidue

105 987 212 1016 cum
251 972 488 1027 orphanis,
526 969 538 1027 Η
576 985 694 1027 quos
735 972 814 1012 illa
861 975 1087 1013 extractos
1136 985 1267 1014 sacro
1314 972 1439 1013 fonte
1479 973 1768 1026 baptismatis
1798 980 1839 1011 10
1863 975 2012 1012 τοιώδ’.

106 1033 277 1102 (donis)
316 1059 409 1087 non
454 1045 651 1086 modicis
689 1045 930 1087 ditauerat.
994 1046 1177 1097 Quibus
1217 1045 1354 1098 igitur
1392 1046 1515 1086 hanc
1553 1046 1771 1088 laudibus

106 1120 308 1172 efferam,
340 1119 512 1172 nescio,
545 1132 634 1173 que
666 1118 841 1159 ibidem
875 1132 1135 1173 numquam
1168 1119 1318 1160 abfuit
1348 1119 1697 1160 renascentibus
1722 1120 1768 1159 in

107 1193 303 1235 Christo.
354 1192 441 1232 Hic
473 1191 570 1232 eius
604 1192 719 1232 fides
745 1196 867 1245 patet
892 1192 1143 1244 laudanda,
1174 1191 1252 1233 hic
1275 1192 1459 1232 bonitas
1486 1191 1768 1233 omnimodis

106 1266 394 1307 celebranda.
444 1265 580 1315 Quod
615 1264 652 1305 si
685 1278 768 1318 pro
801 1264 996 1317 singulis
1028 1253 1126 1305 eifis
1160 1264 1412 1306 benefactis
1444 1277 1601 1318 parem
1632 1265 1771 1305 disse-

105 1352 218 1391 rere,
266 1338 395 1392 prius
434 1350 508 1378 me
549 1344 733 1391 tempus
777 1351 920 1393 quam
962 1351 1060 1378 rem
1093 1339 1231 1379 credo
1264 1338 1486 1379 deserere.
1549 1338 1679 1379 Unde
1711 1339 1769 1378 ad
1798 1346 1840 1376 15

107 1411 271 1453 seriem
305 1415 460 1461 nostre
492 1410 739 1452 locutionis
772 1424 971 1464 propero
1003 1411 1163 1451 redire.

195 1487 259 1526 12.
309 1485 432 1525 Dum
464 1483 618 1536 regine
652 1483 828 1537 filiique
860 1483 959 1524 eius
990 1483 1166 1525 reditus
1198 1488 1464 1537 apparatur,
1498 1497 1635 1524 omne
1661 1484 1770 1524 litus

107 1559 295 1612 planctu
342 1557 608 1611 gemituque
655 1556 978 1608 confunditur,
1031 1570 1195 1597 omnes
1251 1558 1407 1608 dextre
1454 1557 1552 1606 celo
1599 1557 1770 1597 attolle-

106 1631 275 1672 bantur
320 1630 508 1680 inlense.
573 1630 768 1671 Flebant
814 1629 951 1682 igitur
996 1643 1022 1670 a
1069 1643 1116 1670 se
1164 1630 1399 1671 discedere
1439 1630 1580 1680 illam,
1629 1643 1768 1684 quam

106 1707 202 1745 toto
250 1703 373 1744 exilii
419 1707 624 1757 tempore
673 1707 723 1744 ut
769 1704 920 1744 ciuem
969 1703 1127 1744 uidere
1175 1716 1322 1744 suam.
1399 1702 1523 1743 Nulli
1570 1702 1767 1743 diuitum
1796 1711 1839 1741 20

106 1776 260 1830 grauis
300 1776 500 1830 hospita,
547 1776 664 1817 nulli
702 1789 962 1830 pauperum
1000 1776 1049 1816 in
1081 1776 1289 1830 quolibet
1321 1789 1530 1817 onerosa.
1594 1776 1769 1817 Omnes

106 1849 244 1901 igitur
289 1850 441 1890 natale
489 1850 641 1890 solum
689 1853 870 1890 mutare
913 1853 1111 1903 putares,
1160 1853 1351 1890 cunctas
1395 1861 1551 1889 secum
1594 1852 1768 1888 exteras

108 1925 260 1975 petere
281 1919 293 1976 Η
323 1922 442 1963 uelle
474 1922 648 1963 diceres
681 1923 910 1974 regiones:
946 1922 1011 1963 sic
1041 1926 1137 1963 toto
1170 1922 1475 1975 plangebatur
1506 1921 1670 1972 littore,
1704 1920 1769 1961 sie
1793 1922 1945 1958 fol.66v.

107 1994 166 2035 ab
212 1995 341 2035 omni
381 1995 652 2049 plorabatur
690 1996 865 2049 populo
904 1999 1095 2036 astante.
1160 1995 1286 2035 Licet
1332 1995 1372 2035 ei
1419 1994 1778 2048 quodammodo·
1976 1981 1978 1983 .

108 2069 449 2120 congauderent
480 2068 729 2122 pristinum
762 2068 958 2120 gradum
986 2072 1188 2121 repetere
1212 2066 1462 2120 dignitatis,
1495 2080 1588 2107 non
1611 2071 1767 2107 tamen
1795 2072 1837 2103 25

108 2152 209 2181 eam
244 2145 453 2192 matrone
486 2141 620 2182 siccis
651 2141 880 2181 dimittere
913 2144 1124 2194 poterant
1157 2140 1316 2181 oculis.
1380 2139 1591 2180 Tandem
1624 2139 1770 2179 uincit

108 2225 240 2253 amor
279 2214 445 2267 patrie3
492 2218 534 2254 et
573 2214 793 2254 omnibus
833 2213 1007 2254 uiritim
1048 2213 1266 2254 osculatis
1300 2217 1342 2253 et
1374 2212 1516 2253 flebili
1550 2211 1614 2252 eis
1646 2212 1768 2252 dicto

109 2287 212 2326 uale
252 2299 356 2327 cum
398 2287 493 2327 filio
533 2287 721 2340 suisque
763 2287 908 2326 altum
942 2286 1051 2340 petit
1083 2299 1209 2327 mare
1249 2299 1343 2326 non
1385 2285 1560 2338 absque
1602 2295 1768 2335 magna

109 2358 404 2400 lacrimarum
439 2359 673 2414 utrimque
705 2359 807 2399 fusa
826 2359 1059 2401 ubertate.

198 2493 231 2528 1.
264 2492 452 2528 debitum
487 2492 567 2528 sibi
600 2494 643 2529 P.
706 2493 829 2528 2—3.
861 2493 904 2528 in
937 2493 1123 2529 medium
1157 2491 1398 2528 consulere:
1438 2489 1766 2536 Ver9iI.AEn.XI,

111 2548 187 2585 335
211 2549 261 2585 al.
339 2550 376 2585 5.
410 2551 540 2586 horas
573 2551 653 2594 ΑΡ,
685 2550 754 2586 sed
786 2551 827 2586 in
860 2550 893 2585 Α
925 2560 1042 2586 erasa
1074 2551 1133 2585 est
1162 2550 1200 2584 h.
1278 2549 1429 2584 5—29.
1469 2546 1594 2582 Verba
1626 2548 1767 2582 omnia

109 2606 239 2643 Cuius
272 2607 331 2642 rei
351 2608 590 2644 ..ubertate
622 2618 700 2644 om.
719 2608 762 2643 P.
825 2608 862 2644 5.
888 2608 1057 2654 impulit
1084 2617 1226 2642 aures:
1265 2605 1407 2650 Veryil.
1431 2604 1571 2649 Geor-9.
1590 2603 1655 2646 IV,
1676 2603 1768 2639 349.

111 2664 145 2700 6.
177 2667 328 2699 cuncta
360 2664 477 2700 luctu
510 2665 736 2711 compleri:
784 2664 878 2700 Sall.
914 2664 1027 2700 Catil.
1061 2665 1125 2705 51,
1146 2665 1193 2703 9:
1224 2663 1315 2708 Juq.
1351 2662 1414 2706 92,
1435 2661 1470 2697 3.
1545 2662 1580 2698 9.
1615 2661 1768 2707 largiti-

109 2716 352 2773 llllslonibus
380 2725 511 2766 (eraso
535 2733 615 2758 one
643 2722 683 2758 ιή
707 2722 790 2768 fine
816 2724 968 2765 versus)
994 2723 1039 2758 Α.
1107 2722 1169 2756 11.
1197 2721 1319 2755 donis
1346 2719 1496 2755 addidi.
1549 2719 1610 2755 13.
1636 2719 1769 2753 omni-

110 2778 248 2814 modis
280 2779 371 2824 AD;
415 2780 664 2815 omnimodo
696 2790 832 2815 errore
862 2779 988 2814 Pertz.
1054 2778 1231 2814 14-—16.
1264 2777 1386 2821 Quod
1420 2778 1453 2812 si
1475 2805 1480 2812 .
1501 2806 1505 2811 .
1525 2776 1682 2811 redire:
1715 2775 1769 2810 ad

110 2835 421 2872 similitudinem
453 2837 548 2872 Sall.
580 2837 674 2883 Juy.
709 2837 775 2879 42,
796 2837 831 2872 5.
907 2836 968 2872 17.
1001 2836 1099 2871 litus
1132 2834 1203 2878 Α1;
1247 2834 1362 2869 littus
1394 2844 1495 2869 corr.
1529 2832 1583 2868 Ᾱ”-’
1615 2834 1674 2868 vel
1704 2831 1766 2868 AS.

116 2894 175 2929 19.
208 2893 369 2938 intense
399 2894 563 2939 301·ipsi;
596 2894 757 2938 infense
788 2894 831 2929 A.
923 2893 1115 2928 disedere
1148 2893 1192 2933 A,
1224 2902 1325 2927 corr.
1354 2890 1417 2927 Al.
1482 2891 1547 2926 22.
1582 2894 1768 2933 cuneum,

111 2950 192 2987 scil.
225 2954 453 2996 matronas,
484 2951 557 2996 cfr.
588 2962 621 2989 υ.
648 2951 711 2987 26.
776 2951 839 2986 25.
873 2950 1082 2995 pristmum
1103 2950 1147 2991 Α,
1179 2959 1279 2984 corr.
1299 2948 1361 2984 Al.
1425 2948 1603 2983 26—27.
1636 2947 1768 2983 uincit

112 3018 231 3043 amor
263 3009 432 3054 patriae:
472 3007 613 3054 Vergil.
646 3007 736 3043 sEn.
775 3007 833 3051 VJ,
869 3007 961 3042 823.
