2242 3551
472 194 706 224 EXORDIVM
740 195 1017 225 MONASTERII
1051 196 1181 225 CARAE
1214 196 1387 225 INSVLAE
1680 188 1754 226 181

103 311 358 355 Lundensis
390 309 578 351 ecclesie
610 310 976 364 archiepiscopo,
1012 312 1218 352 Romane
1245 311 1365 352 sedis
1392 312 1552 363 legato,
1579 313 1758 352 Walde-

102 399 227 428 maro
262 383 546 425 Sleswicensi
580 383 738 434 electo,
781 383 953 425 Omero
988 384 1262 425 Burlanensi
1296 384 1528 437 episcopo,
1569 385 1758 426 Stenaro

101 456 386 501 Wexioensis
434 456 623 497 ecclesie
670 456 910 509 episcopo,
967 457 1205 498 Walberto
1260 457 1426 497 abbate
1473 457 1529 497 de
1578 458 1756 499 Esrom.

102 531 233 584 Quod
273 530 416 583 siquis
460 529 649 570 forsitan
682 527 694 583 Η
724 529 971 582 infringere
1013 534 1092 570 aut
1132 530 1337 584 quolibet
1384 531 1523 571 modo
1571 532 1756 572 turbare
1784 534 1944 569 F01.15V.

100 603 400 658 temptauerit,
449 616 503 644 ex
539 602 811 644 auctoritate
851 603 924 643 dei
966 603 1297 656 omnipotentis
1337 616 1362 643 a
1396 603 1604 643 fidelium
1637 617 1756 644 com-
1784 610 1803 641 5

101 677 317 719 munione
365 679 698 729 sequestratus,
746 676 895 717 donec
941 675 1210 727 cessauerit,
1263 676 1758 717 excommunicationis

101 750 317 792 sententie
357 749 593 790 subiaceat
632 753 686 796 et,
734 749 823 789 nisi
865 749 1119 802 resipuerit,
1169 753 1325 790 eterno
1359 749 1586 802 supplicio
1620 750 1758 802 depu-

101 828 219 865 tatus
250 822 562 864 succumbat«

801 906 900 952 Cap.
936 906 1051 942 XXV.

472 986 743 1033 Priuilegium
778 987 939 1023 domini
973 987 1082 1033 regis
1117 986 1383 1023 Waldemari.

195 1059 260 1136 In
294 1092 482 1133 nomine
517 1096 672 1133 sancte
705 1095 747 1132 et
778 1091 1021 1133 indiuidue
1048 1092 1277 1133 trinitatis.
1327 1092 1650 1133 Waldemarns
1684 1093 1756 1133 dei
1785 1098 1825 1128 10

97 1167 238 1220 gratia
270 1179 348 1207 rex
382 1167 636 1207 Danorum.
701 1165 880 1206 Gratias
912 1165 1093 1218 agimus
1126 1166 1179 1217 ei,
1213 1165 1345 1206 cuius
1377 1165 1520 1217 gratia
1556 1170 1755 1206 mentem

98 1240 298 1281 hominis
342 1240 573 1280 nolentem
615 1238 856 1292 preuenire
900 1239 1130 1291 dignatur,
1179 1243 1228 1279 ut
1270 1239 1391 1285 uelit,
1441 1243 1483 1279 et
1522 1239 1755 1279 uolentem

97 1313 298 1363 adiuuat,
346 1316 395 1353 ut
433 1312 589 1366 possit.
654 1311 744 1362 Qui
785 1311 923 1352 etiam
964 1326 1017 1353 ex
1050 1311 1483 1365 superhabundanti
1516 1325 1597 1352 sue
1629 1311 1755 1351 boni-

97 1386 198 1427 tatis
231 1385 508 1427 fecunditate
542 1388 742 1425 mentem
778 1385 1004 1426 Svenonis
1037 1385 1242 1439 episcopi
1282 1386 1340 1426 ad
1374 1386 1462 1426 hoc
1494 1384 1754 1433 illustrauit,

97 1463 146 1500 ut
191 1473 273 1513 pro
322 1459 467 1499 salute
514 1458 669 1499 anime
717 1472 797 1499 sue
845 1459 1001 1499 omnia
1058 1459 1216 1512 predia
1268 1472 1349 1499 sua
1398 1459 1453 1499 de
1502 1458 1662 1499 Divrse
1709 1457 1755 1497 in
1784 1464 1825 1494 15

97 1533 334 1586 prouincia
367 1532 545 1573 Sundre
577 1532 752 1583 hereth,
786 1545 874 1585 que
906 1536 985 1572 aut
1017 1545 1071 1573 ex
1104 1532 1385 1585 patrimonio
1418 1545 1502 1572 suo
1535 1544 1756 1584 prouene-

96 1609 214 1658 runt,
247 1605 343 1646 siue
377 1618 443 1654 ea,
476 1618 564 1659 que
598 1605 831 1658 emptione
863 1605 1064 1645 obtinuit
1096 1605 1169 1646 uel
1203 1605 1467 1658 optinuerit,
1499 1604 1689 1657 insuper
1716 1607 1758 1644 et

97 1678 250 1732 predia
300 1692 381 1719 sua
430 1679 485 1719 de
525 1678 726 1719 Karlebu
774 1683 815 1718 et
862 1679 1060 1732 quedam
1110 1678 1199 1732 alja
1238 1679 1294 1719 de
1334 1677 1469 1719 bonis
1514 1677 1621 1722 suis,
1667 1690 1756 1730 que

98 1752 281 1805 proprio
315 1765 399 1793 suo
432 1751 675 1805 priuilegio
708 1751 930 1805 inscripta
962 1752 1160 1805 reliquit,
1209 1751 1371 1791 usibus
1415 1751 1754 1791 monachorum

96 1826 151 1865 de
183 1824 272 1866 On]
305 1824 509 1878 plenarie
541 1824 808 1876 assignaret,
842 1825 928 1865 sub
962 1825 1050 1865 hac
1080 1828 1235 1865 tamen
1270 1824 1548 1876 conditione,
1591 1827 1639 1863 ut
1672 1823 1756 1864 hec
1782 1832 1824 1862 20

97 1898 251 1939 omnia
284 1912 378 1949 sue,
411 1898 523 1938 dum
556 1897 735 1949 uixerit,
768 1897 1050 1939 ordinationi
1082 1898 1373 1951 disponenda
1399 1897 1681 1949 subiaceant,
1715 1900 1756 1937 et

97 1985 148 2012 eo
180 1971 402 2012 moriente
434 1971 642 2025 ipsorum
676 1971 1017 2011 monachorum
1044 1971 1206 2012 usibus
1233 1974 1274 2010 et
1299 1970 1593 2021 ordinationi,
1627 1970 1754 2009 nullo

97 2044 435 2085 contradicente
482 2044 580 2084 siue
626 2045 868 2096 renitente,
915 2043 1072 2084 relicta
1119 2047 1401 2084 remaneant.
1488 2043 1582 2083 Nos
1629 2055 1755 2094 uero,

97 2117 203 2171 quia
225 2117 357 2158 iustis
380 2117 611 2158 bonorum
636 2117 757 2158 uotis
781 2117 944 2157 effectu
970 2121 1275 2170 prosequente
1301 2120 1512 2156 tenemur
1536 2129 1754 2166 annuere,
1780 2129 1783 2133 ¹

99 2190 352 2243 predictum
385 2190 629 2231 memorati
662 2190 893 2243 pontificis
926 2189 1215 2243 propositum
1249 2190 1497 2229 laudamus
1529 2193 1571 2230 et
1598 2193 1752 2229 nostra
1781 2197 1823 2228 25

98 2263 366 2304 auctoritate
398 2267 440 2304 et
471 2275 701 2303 consensu
734 2263 1081 2304 confirmamus,
1146 2261 1298 2315 Siquis
1340 2266 1494 2302 autem
1528 2262 1587 2313 id,
1630 2263 1753 2315 quod

98 2336 154 2376 ab
200 2350 253 2377 eo
299 2336 472 2377 factum
516 2340 556 2376 et
595 2340 750 2377 nostra
798 2335 1068 2376 auctoritate
1108 2335 1434 2375 confirmatum
1475 2334 1753 2387 cognouerit,

97 2408 428 2450 nichilominus
482 2410 778 2463 obloquendo
835 2422 1062 2449 euacuare
1118 2408 1430 2461 temptauerit,
1485 2411 1579 2447 tam
1635 2407 1754 2459 regie

97 2482 346 2523 maiestatis
394 2484 566 2524 offense
606 2495 746 2537 quam
795 2481 1101 2522 ecclesiastice
1148 2494 1339 2522 censure
1387 2480 1621 2521 subiectus
1660 2493 1752 2521 non

98 2554 321 2596 audiatur.
1756 2561 1799 2593 30

790 2642 889 2688 Cap.
924 2642 1059 2678 XXVI.

248 2723 517 2769 Priuilegium
552 2723 713 2758 domini
746 2723 855 2769 regis
888 2723 1055 2767 Kanuti,
1088 2722 1158 2768 filij
1194 2723 1301 2768 regis
1335 2721 1601 2758 Waldemari.

194 2793 452 2875 Kanutus,
500 2827 571 2868 dei
619 2827 758 2879 gratia
806 2841 882 2868 rex
924 2828 1178 2879 Danorum,
1228 2826 1442 2867 fidelibus
1482 2826 1529 2866 in
1570 2826 1751 2867 Christo

98 2904 249 2940 sancte
283 2899 442 2953 matrjs
475 2899 662 2941 ecclesie
690 2899 811 2953 filijs,
845 2900 1033 2953 prelatis
1060 2904 1100 2940 et
1126 2898 1335 2952 subditis,
1369 2898 1549 2939 ueritati
1575 2898 1752 2939 fauora-

98 2970 245 3012 biliter
275 2972 522 3013 intendere.
584 2973 715 3013 Justa
748 2970 759 3026 Η
792 2973 1043 3025 petentium
1086 2972 1206 3012 uotis
1250 2971 1411 3011 effectu
1445 2975 1748 3024 prosequente
1777 2976 1934 3011 Fol.16‘.

183 3078 245 3114 25.
275 3074 511 3125 l‘pontificis
540 3074 786 3115 smemorati
820 3078 866 3116 C.
