2242 3551
353 227 413 255 DE
445 225 765 255 PROFECTIONE
798 226 1016 255 DANORVM
1051 227 1096 256 lN
1129 227 1486 257 flffinosoLYMAM
1666 220 1747 259 483

90 342 207 383 Ecce
253 345 497 397 quantum,
543 344 821 394 cooperante
868 341 941 381 dei
985 341 1143 394 gratia,
1191 343 1312 383 ualet
1359 343 1494 383 etiam
1544 345 1747 386 humane

87 413 348 467 sagacitatis
381 413 628 454 industria!

172 487 241 527 Ad
281 487 595 527 enarrandum
634 485 848 539 denique,
896 499 1184 541 quamquam
1222 488 1324 528 rudi
1365 488 1468 530 stilo
1502 493 1543 529 et
1575 489 1747 530 incom-

87 560 235 613 posita
269 559 522 600 uerborum
555 558 685 610 serie,
717 559 843 612 quod
876 559 1100 612 cepimus,
1131 564 1430 601 reuertamur.

87 732 224 779 Caput
255 731 378 770 XIX.:
429 731 552 775 Quod
592 731 704 767 idem
744 730 911 766 sweino
951 740 1046 766 cum
1086 731 1213 766 sociis
1261 742 1336 778 per
1381 735 1509 768 totam
1558 733 1667 769 diem
1709 738 1747 770 et

386 792 552 825 noctem
586 788 716 824 maris
749 787 1020 824 inclementia
1054 788 1177 824 ualde
1210 789 1455 827 uexabatur.

181 858 345 937 Solus
393 893 629 948 equidem,
676 897 726 933 ut
769 905 908 946 supra
956 892 1182 945 diximus,
1231 893 1433 945 Sweino‚
1491 895 1674 936 relictus
1721 910 1744 937 a

87 967 232 1009 Danis
271 979 355 1007 nec
388 965 791 1019 NorWagiensium
831 978 1001 1018 comes,
1048 965 1299 1018 infinitum,
1347 971 1395 1006 ut
1437 966 1499 1007 ita
1537 967 1745 1021 dixerim,

85 1041 275 1095 pelagus
314 1053 407 1081 non
445 1043 541 1080 tam
581 1039 775 1080 discreta
822 1051 965 1093 quam
1011 1039 1176 1079 audaci
1229 1039 1577 1093 presumptione
1618 1041 1746 1081 nisus

84 1118 153 1155 est
182 1112 489 1154 transfretare.
553 1113 663 1153 Erat
694 1115 849 1152 autem
881 1111 948 1151 illi
980 1112 1251 1164 associatus,
1299 1116 1348 1152 ut
1380 1125 1518 1165 supra
1550 1114 1744 1155 relatum

84 1190 163 1233 est,
198 1186 269 1227 uir
300 1185 485 1238 nobilis,
519 1184 745 1234 militaris,
783 1183 966 1225 litterali
999 1184 1189 1226 scientia
1223 1185 1429 1225 eruditus
1462 1189 1504 1226 et
1535 1199 1746 1228 sermone

77 1259 328 1311 facundus,
369 1259 600 1299 Mattheus
633 1257 838 1309 nomine,
876 1257 956 1311 qui
989 1269 1207 1310 magnam
1240 1258 1441 1299 habebat
1472 1258 1665 1310 gratiam
1699 1259 1744 1299 in

35 1385 38 1387 q
84 1331 438 1373 conuersatione
478 1344 685 1372 suorum.
750 1330 836 1371 Hic
875 1330 1069 1371 accessit
1107 1331 1153 1371 in
1186 1331 1409 1383 medium,
1456 1335 1505 1371 ut
1537 1332 1745 1372 uirorum

85 1405 296 1446 animum
336 1405 481 1445 uerbo
523 1404 731 1445 doctrine
763 1403 1001 1444 roboraret
1033 1407 1075 1444 et
1106 1404 1318 1457 exemplo
1350 1404 1586 1457 proposito
1620 1417 1746 1445 sanc-

87 1483 242 1518 torum
281 1490 364 1531 pro
404 1477 595 1518 nomine
628 1476 798 1518 Christi
830 1476 1014 1517 diuersa
1047 1480 1386 1516 tormentorum
1419 1487 1584 1528 genera
1618 1478 1747 1518 susti-

85 1550 310 1602 nentium,
342 1564 543 1605 quorum
576 1549 768 1604 quidam
801 1549 937 1590 exilio
971 1549 1115 1602 eiecti,
1158 1549 1347 1602 quidam
1381 1549 1585 1602 ‘lapidati
1615 1553 1747 1603 sunt',

84 1627 134 1670 ut
165 1623 404 1677 apostolus
435 1623 511 1676 ait,
556 1622 681 1664 ‘secti
714 1626 835 1675 sunt,
879 1621 926 1662 in
966 1621 1199 1662 occisione
1239 1621 1377 1674 gladii
1412 1623 1582 1663 mortui
1615 1627 1745 1664 sunt'.

83 1697 140 1737 Vt
172 1696 372 1737 cessauit
403 1700 558 1737 autem
591 1695 734 1750 loqui,
776 1695 901 1750 quod
936 1694 1235 1748 spiritualiter
1266 1695 1448 1736 animos
1482 1695 1745 1736 auditorum

83 1770 142 1810 ad
188 1769 480 1810 tolerantiam
528 1773 571 1810 et
616 1768 726 1809 boni
774 1767 999 1822 propositi
1046 1768 1442 1820 perseuerantiam
1496 1769 1746 1821 animabat,

85 1842 324 1883 subiunxit
356 1842 411 1881 de
443 1841 516 1882 his
548 1854 868 1893 commonens,
916 1853 1004 1894 que
1043 1841 1101 1880 ad
1143 1840 1392 1881 imminens
1433 1841 1594 1881 mortis
1634 1841 1747 1894 peri-

83 1915 243 1955 culum
274 1915 538 1955 cauendum
562 1927 748 1955 necesse
775 1914 1069 1965 uidebantur,
1101 1917 1150 1953 ut
1174 1913 1388 1954 uidelicet
1414 1913 1572 1965 uigiles
1598 1918 1748 1954 essent

85 1991 127 2028 et
168 1987 342 2028 alacres
385 1991 441 2039 et,
488 1987 709 2041 quicquid
752 1987 868 2028 forte
908 1986 1094 2027 euenire
1138 1986 1317 2039 poterit,
1364 1986 1579 2039 intrepidi
1614 1986 1746 2026 susti-

84 2064 257 2101 nerent.
306 2060 439 2100 Ibant
472 2059 595 2100 enim
629 2060 796 2100 fluctus
829 2064 870 2100 et
897 2059 1282 2110 intumescebant,
1315 2063 1475 2111 agente
1502 2049 1743 2099 uentorum

84 2132 453 2185 intemperantia,
491 2136 540 2172 ut
571 2133 852 2187 quandoque
885 2132 1030 2173 solem
1064 2134 1189 2173 unda
1222 2132 1489 2172 obscuraret
1521 2131 1746 2185 opposita,

86 2209 129 2246 et
160 2204 293 2259 quasi
326 2205 555 2246 montium
592 2205 785 2246 uertices
817 2205 1109 2246 altitudinem
1142 2205 1227 2246 celi
1258 2208 1495 2256 tangentes
1518 2217 1743 2258 aquarum

85 2278 299 2318 cumulos
339 2277 637 2318 existimares.
701 2278 955 2319 Transacto
1002 2278 1075 2319 die
1116 2278 1196 2318 illo
1243 2290 1335 2317 nox
1382 2276 1538 2317 tetrior
1585 2276 1746 2317 obscu-

85 2350 271 2405 riorque
318 2350 452 2391 solito
498 2350 787 2402 imminebat,
834 2364 923 2405 que
970 2350 1096 2391 necis
1143 2351 1381 2390 horrorem
1426 2353 1613 2402 aspectu
1661 2361 1744 2389 suo

86 2435 192 2463 cum
225 2423 398 2476 ingenti
431 2423 585 2464 sonitu
619 2424 927 2477 procellarum
961 2423 1228 2464 intentabat.
1284 2422 1323 2463 Ο
1356 2435 1497 2476 quam
1531 2434 1743 2462 securum

174 2579 211 2616 5.
250 2578 375 2615 Verba
413 2590 508 2615 cum
549 2580 676 2615 sociis
716 2582 753 2615 et
791 2580 902 2615 diem
946 2583 996 2625 et,
1043 2590 1133 2625 quoe
1171 2577 1376 2615 habentur
1406 2577 1592 2623 superius
1625 2576 1665 2611 in
1701 2576 1743 2619 Ε,

85 2636 153 2672 Ju'c
185 2636 227 2672 in
260 2635 523 2682 inscriptione
554 2637 700 2683 capitis
732 2648 810 2673 om.
844 2637 892 2674 Ο.
975 2639 1035 2673 11.
1067 2636 1219 2673 literali
1254 2634 1314 2670 M2
1351 2636 1393 2671 i1z
1426 2644 1554 2680 mary.
1587 2635 1624 2668 et
1655 2633 1741 2673 KL;

86 2693 251 2730 liberali
285 2693 395 2738 M183
440 2693 597 2730 literati
629 2693 692 2731 Μ2
723 2695 764 2730 in
797 2696 904 2730 leaetu
936 2697 974 2730 et
1002 2695 1047 2730 A.
1118 2693 1296 2729 12—-13,
1330 2693 1372 2728 in
1405 2690 1742 2733 conuersatione,

85 2748 160 2800 cfr.
207 2750 478 2787 Ecclesiastici
521 2762 551 2787 c.
599 2752 665 2794 50,
690 2752 726 2788 5.
805 2752 865 2788 16.
914 2751 1089 2798 lapidati
1136 2753 1235 2786 sunt
1280 2753 1372 2785 etc:
1421 2747 1540 2784 Hebr.
1590 2746 1652 2791 11,
1679 2747 1740 2782 37.

91 2808 152 2844 17.
185 2808 410 2844 occasione
441 2809 486 2844 A.
556 2808 619 2845 19.
652 2809 870 2845 animabat
902 2809 990 2853 MA,
1030 2809 1121 2844 item
1155 2808 1195 2849 S,
1234 2807 1303 2842 sed
1333 2806 1400 2842 hie
1432 2806 1653 2841 correctum
1685 2806 1744 2838 est

86 2875 136 2901 ex
166 2865 390 2910 animauit3
436 2866 580 2901 malim
612 2866 829 2903 animaret.
907 2867 970 2902 21.
1008 2865 1230 2901 videbatur
1261 2863 1309 2908 O,
1354 2862 1423 2898 sed
1460 2873 1561 2897 corr.
1595 2858 1737 2908 M2(K).

87 2922 151 2958 22.
192 2922 395 2969 quicquid
428 2922 536 2959 forte
568 2923 615 2968 S;
661 2924 770 2960 forte
811 2923 1014 2970 quiequid
1049 2923 1135 2958 MA.
1214 2921 1277 2957 23.
1308 2921 1533 2956 ibant..et
1563 2918 1738 2953 intume-

86 2980 271 3025 scebant,
303 2978 374 3026 cfr.
405 2979 515 3016 1011oe
545 2991 576 3017 c.
611 2981 646 3026 1,
668 2981 743 3018 11..
818 2981 928 3018 enim
965 2977 1129 3028 MS(K);
1162 2988 1239 3014 om.
1266 2977 1310 3014 A.
1372 2977 1436 3012 25.
1468 2975 1589 3022 quasi
1623 2985 1738 3009 mon-

87 3037 191 3073 tium
233 3037 412 3073 vertices
453 3040 547 3074 ete:
592 3037 665 3083 cfr.
704 3038 846 3085 Veryil.
880 3036 969 3074 AEn.
1002 3036 1030 3082 I,
1068 3035 1145 3071 102
1164 3045 1271 3082 sqq.;
1319 3033 1433 3069 Ouid.
1467 3031 1624 3068 Metam.
1658 3031 1737 3073 XV,

88 3093 168 3130 508
183 3105 267 3141 sqq.

1466 3155 1532 3187 31ss

1775 1123 1815 1153 10

1775 1486 1817 1516 15

1773 1850 1818 1880 20

1772 2213 1816 2243 25
