2242 3551
444 1027 485 1058 10

443 1388 484 1419 15

443 1752 485 1784 20

443 2115 485 2145 25

511 235 564 280 52
854 247 1131 281 SCRIPTORES
1164 248 1392 282 fflsToRlAE'
1425 248 1601 281 DANmAE'
1634 246 1834 280 MINoREs

510 366 688 419 cotidie,
720 366 863 407 immo
891 379 1006 419 pene
1031 366 1261 418 continue,
1294 367 1537 408 sollicitius
1563 366 1824 418 inuigilans,
1857 378 1939 418 pro
1966 365 2164 418 peccatis

510 439 604 479 suis
636 439 860 492 preteritis
902 440 1140 493 myrrham
1181 440 1330 480 cordis
1378 440 1559 481 contriti
1606 444 1648 480 et
1694 438 1880 492 spiritus
1927 437 2164 478 humiliati

510 512 594 552 deo
628 512 823 552 offerens
856 516 897 553 et
929 512 1121 565 gratiam
1154 525 1348 565 superne
1385 511 1718 553 benedictionis
1758 510 2059 563 thymiamate
2093 510 2164 563 pie

510 584 881 637 compunctionis
914 585 1093 625 enixius
1129 584 1397 638 implorans.
1439 609 1493 613 —
1536 585 1757 625 Processu
1799 596 1905 624 vero
1947 583 2167 635 temporis

510 656 557 696 in
605 657 779 710 optima
820 657 1170 698 conuersatione
1212 658 1351 698 vitam
1392 670 1724 698 consummans
1768 656 1974 709 sepultus
2015 659 2080 695 est
2118 655 2165 695 in

510 729 792 782 presbyterio
840 730 1021 784 oratorij
1072 729 1278 770 eiusdem
1325 730 1427 782 loci,
1476 734 1580 770 ante
1621 731 1761 769 altare
1806 729 1934 768 beate
1977 728 2164 780 virginis

512 801 684 842 matris,
749 802 891 843 Cuius
923 816 977 843 ex
1008 803 1098 843 hoc
1130 803 1353 843 memoria
1384 803 1431 843 in
1464 802 1785 843 benedictione
1826 800 1909 840 erit
1941 800 2167 841 Clareual-

510 874 731 926 lensibus,
766 887 791 914 a
822 875 1112 926 generatione
1144 875 1190 915 in
1223 875 1577 928 generationem,
1610 876 1793 915 ameni«

599 947 928 988 MCLXXVIII.
992 948 1220 988 Dominus
1267 948 1491 1000 Absalon,
1539 947 1783 1000 episcopus
1831 945 2165 997 Roskildensis,

512 1019 659 1060 factus
692 1023 759 1060 est
792 1019 1174 1073 metropolitanus
1208 1020 1480 1060 Lundensis.

599 1092 863 1134 MCLXXX.
941 1092 1177 1133 Dissensio
1232 1093 1350 1134 facta
1402 1096 1467 1133 est
1512 1092 1629 1133 inter
1675 1092 2077 1145 archiepiscopum
2126 1095 2168 1131 et

513 1165 797 1206 Scanienses,
886 1166 1033 1207 Causa
1081 1166 1219 1206 huius
1265 1165 1566 1206 dissensionis
1612 1165 1754 1205 fertur
1801 1165 1860 1204 ita
1909 1165 2163 1216 contigisse.

511 1237 896 1291 Archiepiscopus
925 1238 1125 1278 Absalon
1159 1251 1295 1291 super
1325 1238 1643 1290 possessiones
1675 1237 2090 1290 archiepiscopales
2123 1241 2166 1277 et

512 1310 769 1351 exactiones
797 1310 1045 1351 nobiliores
1071 1311 1405 1363 Syalandenses
1431 1303 1678 1362 constituit,
1711 1310 1882 1350 scilicet
1905 1310 2164 1350 Esbernum

512 1383 679 1435 Snarae,
712 1383 790 1436 qui
815 1395 1058 1434 germanus
1084 1386 1179 1424 erat
1203 1383 1551 1436 archiepiscopi,
1582 1387 1623 1423 et
1647 1382 1891 1423 dominum
1911 1382 2164 1433 Sunonem,

511 1455 590 1509 qui
632 1454 755 1495 filius
796 1460 892 1496 erat
934 1456 1140 1496 Ebbonis
1180 1455 1330 1508 patrui
1370 1455 1454 1503 sui,
1502 1455 1610 1495 item
1644 1456 1872 1496 Saxonem
1907 1454 2164 1495 Thorberni

512 1527 658 1567 filium
692 1541 798 1568 cum
830 1528 931 1581 alijs
964 1528 1050 1568 sibi
1083 1528 1400 1568 familiaribus.
1450 1528 1600 1578 Quam
1634 1540 1731 1568 rem
1765 1532 1807 1568 et
1838 1528 1961 1582 quod
1992 1527 2164 1568 factum

512 1600 781 1641 Scanienses
844 1612 945 1653 egre
1004 1601 1218 1640 tulerunt.
1312 1600 1494 1641 Modico
1554 1605 1659 1653 post
1719 1601 1904 1641 euoluto
1961 1604 2165 1652 tempore

511 1672 701 1725 predicti
761 1672 1096 1726 archiepiscopi
1156 1676 1477 1725 procuratores
1540 1673 1839 1713 orientalibus
1902 1673 2166 1713 indixerunt

513 1745 854 1797 Scaniensibus,
896 1750 944 1785 ut
977 1745 1163 1785 arbores
1194 1745 1392 1797 integras
1425 1749 1467 1785 et
1497 1745 1633 1798 ligna,
1673 1759 1762 1799 que
1792 1746 1934 1786 incidi
1966 1745 2165 1785 fecerant

510 1818 557 1857 in
600 1818 758 1871 syluis,
806 1818 886 1858 ubi
927 1818 1239 1858 iumentorum
1281 1817 1433 1858 aditus
1474 1818 1665 1858 minime
1706 1818 1865 1858 haberi
1898 1818 2058 1871 potuit,
2107 1818 2165 1857 ad

512 1890 666 1930 locum
698 1891 931 1931 traherent
962 1890 1286 1943 presignatum.
1350 1890 1620 1931 Scanienses
1661 1890 1797 1942 igitur
1828 1890 1874 1930 in
1907 1894 2086 1930 tantum
2119 1903 2164 1930 se

512 1963 747 2003 humiliari
788 1976 879 2004 non
921 1962 1196 2003 sustinentes
1238 1963 1531 2003 vehementer
1577 1963 1798 2015 indignati
1843 1967 1960 2003 sunt.
2024 1963 2164 2003 Facto

511 2035 647 2086 igitur
686 2047 914 2076 concursu
956 2035 1002 2075 in
1040 2035 1161 2075 bona
1209 2035 1390 2075 irruunt
1435 2035 1785 2088 archiepiscopi,
1832 2036 1995 2076 domos
2036 2047 2165 2087 gran-

512 2108 687 2159 giarum
722 2107 949 2160 frangunt,
994 2121 1079 2160 res,
1125 2121 1238 2161 quas
1271 2108 1439 2148 habere
1471 2112 1694 2161 poterant,
1742 2121 1898 2149 secum
1934 2108 2163 2159 auferunt,

513 2180 926 2233 archiepiscopum,
973 2184 1022 2220 ut
1067 2180 1166 2220 neci
1212 2181 1453 2231 traderent,
1501 2194 1547 2221 se
1594 2185 1828 2234 sperantes
1877 2181 2161 2221 inuenturos.

514 2253 612 2303 Que
645 2266 714 2293 res
746 2266 852 2294 cum
885 2253 924 2293 ei
956 2252 1170 2304 innotuit,
1203 2265 1311 2292 mox
1344 2253 1441 2293 sine
1474 2266 1603 2293 mora
1633 2254 1689 2293 ad
1717 2253 2011 2306 Syalandiam
2039 2252 2164 2304 fugit,

602 2428 634 2463 1.
658 2427 846 2474 quotidie
873 2428 919 2463 H.
994 2427 1079 2462 imo
1102 2438 1139 2473 p.
1168 2437 1204 2463 c.
1238 2427 1457 2464 sollicitius
1488 2428 1579 2473 ΜΑ;
1612 2439 1835 2475 sumopere
1847 2426 1887 2476 (1)
1908 2428 2097 2463 solicitus
2117 2428 2165 2463 H.

514 2486 548 2520 2.
582 2496 767 2530 myrram
788 2485 821 2520 H
853 2482 1087 2533 (myrrham
1107 2483 1159 2531 S).
1223 2485 1256 2520 3.
1292 2485 1471 2520 Domino
1504 2485 1686 2521 offerens
1715 2486 1760 2521 H.
1837 2485 2097 2521 thimiamate
2117 2485 2163 2520 H.

460 2535 465 2538 ’
514 2543 635 2578 4—8.
687 2544 851 2587 sumpta
905 2543 999 2577 sunl
1053 2551 1102 2577 ex
1154 2540 1326 2577 Exordii
1371 2541 1513 2588 Magni
1566 2543 1737 2579 distinct.
1783 2542 1849 2579 III.
1896 2553 1981 2588 cap.
2031 2541 2162 2577 XXVI.

516 2600 550 2635 5.
584 2609 838 2635 consumens
864 2599 911 2635 H.
987 2598 1177 2645 sepultus
1208 2602 1269 2634 est
1297 2601 1390 2644 post
1420 2600 1518 2645 virg.
1552 2601 1697 2635 matris
1729 2599 1851 2635 habet
1874 2600 1920 2635 H.
1983 2600 2017 2635 6.
2050 2610 2164 2645 pres-

515 2656 691 2702 byteri0‚
726 2656 746 2692 ι’.
780 2667 810 2692 e.
843 2656 988 2692 choro.
1053 2656 1088 2692 7.
1123 2656 1326 2691 memoria
1359 2667 1407 2692 ex
1439 2657 1521 2692 hoc
1553 2657 1608 2702 H3
1640 2656 1710 2703 cfr.
1743 2656 2003 2693 Ecclesiastic
2032 2655 2098 2701 45,
2119 2656 2163 2697 1,-

512 2712 576 2758 39,
607 2712 656 2749 13
687 2713 737 2749 al.
827 2713 862 2749 9.
908 2713 1093 2748 Abzolon
1142 2713 1194 2758 H3
1255 2713 1438 2748 Absolon
1485 2714 1523 2750 S.
1620 2713 1994 2760 Roschy(i)ldensis
2042 2710 2163 2761 H(S).

515 2771 576 2806 12.
609 2770 887 2806 Schanienses
920 2770 954 2806 H
996 2768 1095 2818 (non
1128 2767 1182 2817 S).
1270 2769 1541 2807 dissentionis
1575 2771 1608 2806 H
1648 2769 1785 2820 (etiam
1824 2768 1946 2813 alibi‚·
1991 2781 2074 2806 non
2108 2769 2162 2818 S).

514 2828 576 2863 13.
616 2827 800 2862 Absolon
835 2828 882 2872 H,
930 2829 973 2863 ut
1009 2827 1126 2871 solet,·
1173 2829 1210 2862 et
1244 2826 1335 2872 sieri
1368 2829 1507 2872 potest,
1557 2830 1601 2863 ut
1629 2828 1764 2864 Arnas
1803 2828 1966 2863 licenter
2004 2827 2053 2863 de
2089 2837 2163 2862 suo

511 2884 693 2919 Absalon
711 2883 924 2929 scripserit.
987 2885 1049 2920 14.
1068 2883 1371 2930 Syelandenses
1391 2884 1445 2929 H3
1479 2885 1770 2921 Sialendenses
1788 2885 1826 2921 S.
1884 2885 1944 2919 15.
1964 2884 2095 2920 Snare
2113 2884 2162 2919 H.

515 2942 576 2976 16.
609 2941 816 2976 Torberni
851 2941 906 2986 H,
951 2940 1165 2977 Tonberni
1203 2938 1239 2988 (r
1277 2941 1383 2976 male
1414 2939 1525 2989 lecto)
1557 2942 1595 2977 S.
1674 2942 1736 2978 17.
1776 2942 1855 2977 sibi
1888 2941 1945 2985 Μ;
1993 2941 2080 2976 suis
2114 2941 2161 2976 H.

518 2999 578 3033 18.
612 2998 891 3034 schanienses
921 2999 968 3043 H,
1000 3000 1036 3033 et
1066 2997 1123 3033 sic
1152 2997 1311 3043 saepius.
1386 2997 1518 3034 tulere
1544 2999 1589 3034 H.
1653 2999 1717 3035 21.
1748 2998 1867 3034 siluis
1895 2999 1941 3033 H.
2004 2998 2067 3033 22.
2100 2997 2161 3033 Sc.

514 3063 611 3100 ergo
646 3055 693 3090 H.
765 3055 943 3092 23—24.
979 3056 1105 3090 Facto
1137 3063 1235 3100 ergo
1269 3054 1316 3091 H.
1388 3055 1449 3090 25.
1483 3066 1624 3091 secum
1657 3066 1736 3091 om.
1771 3055 1817 3092 H.
1893 3054 2090 3090 auferunt
2124 3054 2158 3089 H

513 3113 549 3147 et
579 3110 734 3156 Arnas,
766 3111 945 3147 afferunt
977 3112 1022 3148 C.
1084 3112 1147 3148 27.
1180 3111 1221 3146 in
1256 3111 1558 3156 Sie(a)landiam
1593 3112 1616 3148 f.
1650 3113 1721 3148 ubi
1754 3115 1791 3148 et
1824 3109 1944 3160 1-1(S>.
