2242 3551
585 254 728 286 VETvs
760 257 987 286 CHRoNJcA
1021 256 1259 287 stALANDIE
1693 249 1742 289 61

94 373 234 414 Nocte
266 376 419 413 autem
453 372 673 425 sequenti,
720 373 832 413 dum
865 373 1131 413 deambulat
1162 373 1209 413 in
1242 373 1412 426 palatio
1446 387 1529 414 suo
1561 387 1746 415 venera-

93 446 194 486 bilis
227 446 447 497 Andreas,
494 445 622 485 audit
659 444 706 485 in
744 445 977 486 cemiterio
1020 447 1271 486 tumultum
1305 446 1562 487 maximum
1595 447 1746 488 dicen-

92 519 207 559 tium
250 522 291 558 et
323 518 453 571 quasi
486 517 750 558 adinuicem
783 531 881 558 sese
914 519 1257 559 cohortantium
1290 519 1335 559 in
1370 520 1495 560 hunc
1527 520 1743 560 modum:

96 591 316 633 »Oremus
352 591 484 631 Pater
515 594 669 631 noster
708 604 790 644 pro
833 591 990 631 anima
1025 593 1155 632 Pater
1188 595 1380 632 noster«
1448 593 1635 633 Postero
1667 593 1747 633 ita-

91 677 178 718 que
224 663 295 704 die
342 664 446 704 fecit
491 663 867 717 archiepiscopus
914 664 1104 719 inquiri,
1167 665 1203 705 si
1258 678 1406 718 nuper
1460 665 1627 719 aliquis
1682 666 1745 706 ihi
1774 674 1793 704 5

91 737 293 790 sepultus
327 736 498 788 fuisset,
546 736 624 790 qui
659 737 791 777 Pater
833 741 987 777 noster
1028 737 1175 777 fuerat
1213 738 1483 791 appellatus.
1548 739 1613 778 De
1657 752 1748 792 qua

89 822 135 849 re
168 822 272 850 cum
306 809 582 850 certificatus
614 809 786 861 fuisset,
827 809 1101 862 glorificauit
1132 811 1287 862 deum,
1335 811 1428 864 qui,
1448 824 1539 851 non
1575 812 1748 864 spernit

88 881 342 923 orationem
383 895 655 935 pauperum.
721 882 926 923 Similem
967 896 1063 923 rem
1104 883 1229 936 prior
1269 883 1459 936 quidam
1505 884 1547 924 in
1592 897 1747 924 mona-

88 955 222 995 sterio
255 956 399 995 sancti
435 955 618 995 Martini
652 955 865 1007 Turonis,
912 968 936 995 a
978 955 1195 996 fratribus
1239 969 1320 1009 per
1352 961 1640 997 sacramenta
1673 957 1746 998 dei

87 1027 337 1080 adiuratus,
370 1029 535 1081 retulit,
577 1029 716 1083 quod,
749 1029 937 1082 quando
970 1032 1066 1069 erat
1098 1029 1331 1082 secularis,
1376 1034 1509 1070 nocte
1542 1031 1744 1083 quadam
1773 1041 1815 1071 10

86 1113 111 1140 a
143 1104 252 1141 tunc
283 1101 499 1142 defuncto
539 1101 823 1154 parochiano
864 1115 947 1142 suo
980 1102 1037 1142 ad
1071 1102 1311 1142 ecclesiam
1345 1116 1424 1156 per
1456 1103 1743 1143 cemiterium

86 1173 265 1214 rediens
306 1174 503 1227 respexit
544 1178 584 1214 et
627 1174 797 1214 ostium
838 1174 1026 1215 ecclesie
1066 1178 1277 1228 apertum
1319 1176 1570 1228 conspexit,
1618 1177 1742 1229 quod

85 1246 294 1287 clausum
328 1247 466 1300 paulo
499 1252 602 1287 ante
635 1247 822 1289 dimisit.
878 1248 1009 1288 Unde
1042 1260 1146 1288 cum
1180 1248 1380 1288 multum
1413 1248 1744 1302 obstupuisset,

85 1318 144 1358 ita
177 1332 284 1359 mox
316 1319 361 1360 in
397 1321 557 1360 eodem
592 1320 693 1360 loco
727 1320 905 1360 defixus
946 1324 1025 1373 est,
1073 1324 1123 1361 ut
1159 1321 1343 1374 penitus
1375 1321 1502 1362 abire
1538 1322 1747 1375 nequiret

85 1404 168 1432 nec
213 1405 259 1433 se
306 1406 494 1434 mouere
542 1397 707 1446 posset.
800 1394 856 1434 Et
901 1406 1025 1446 ecce,
1088 1398 1271 1447 repente
1325 1394 1481 1435 audita
1538 1399 1603 1435 est
1656 1408 1745 1435 vox
1772 1404 1813 1434 15

62 1464 325 1515 *clamantis
365 1470 407 1506 et
438 1466 651 1507 dicentis:
705 1467 921 1519 »Surgite‚
968 1466 1126 1507 fideles
1159 1466 1379 1517 uniuersi,
1427 1471 1655 1521 quotquot
1696 1468 1743 1508 in

83 1538 171 1578 hoc
203 1538 436 1579 cemiterio
468 1539 766 1593 requiescitis,
799 1543 848 1580 ut
873 1540 1256 1580 commendemus
1282 1540 1489 1581 animam
1516 1540 1743 1580 carissimi

83 1610 240 1663 nostri,
287 1612 379 1665 qui,
424 1612 602 1665 quoties
642 1612 836 1653 transire
870 1612 1045 1653 solebat
1077 1626 1157 1666 per
1188 1613 1278 1653 hoc
1309 1613 1611 1666 cemiterium,
1659 1627 1742 1667 pro

83 1683 215 1723 nobis
262 1685 517 1725 orationem
566 1684 763 1726 faciebat
809 1690 851 1725 et
897 1686 1214 1738 eleemosynas
1270 1686 1495 1739 plurimas
1550 1687 1741 1739 largitus

83 1759 185 1796 est.«
277 1757 476 1810 Repente
523 1759 580 1798 ad
628 1759 750 1798 hanc
795 1771 955 1799 vocem
1004 1763 1321 1809 surrexerunt,
1378 1763 1419 1798 et
1472 1759 1620 1800 factus
1677 1764 1742 1800 est
1768 1769 1810 1800 20

83 1828 257 1869 sonitus
290 1831 495 1882 grandis,
539 1843 644 1871 cum
679 1832 1000 1883 egrederentur
1031 1832 1086 1872 de
1119 1832 1311 1872 tumulis
1344 1832 1452 1873 suis.
1516 1833 1659 1873 Porro
1692 1833 1739 1889 in

82 1901 268 1942 ecclesia
310 1903 585 1944 videbantur
629 1904 746 1945 cerei
789 1905 935 1957 multi,
982 1904 1092 1944 hinc
1137 1905 1244 1945 inde
1290 1904 1543 1957 parietibus
1589 1905 1742 1955 affixi3

82 1986 221 2027 quam
255 1987 360 2015 cum
386 1976 577 2028 ingressi
606 1976 811 2027 fuissent,
844 1981 1063 2030 ceperunt
1088 1977 1506 2017 commendationis
1534 1977 1740 2018 officium

83 2047 327 2089 solenniter
359 2049 615 2100 decantare,
647 2049 708 2089 ita
742 2053 803 2102 ut,
837 2063 931 2090 uno
964 2049 1141 2090 dicente
1173 2050 1387 2090 collectas
1421 2054 1463 2107 et
1494 2051 1741 2103 orationes,

81 2119 153 2173 alij
176 2120 503 2173 subiungerent
521 2123 666 2162 Amen
692 2126 957 2176 ceterasque
974 2123 1315 2176 responsiones,
1342 2124 1740 2176 quemadmodum
1768 2134 1810 2164 25

80 2192 127 2233 in
159 2194 300 2235 choro
333 2194 629 2247 psallentium
662 2194 761 2235 fieri
794 2195 919 2236 solet.
975 2195 1388 2237 Commendatione
1421 2195 1539 2236 facta
1572 2196 1740 2237 clama-

80 2269 177 2306 tum
211 2271 276 2307 est
308 2268 474 2319 denuo,
514 2272 562 2308 ut
593 2267 761 2320 singuli
793 2272 1131 2309 reuerterentur
1162 2269 1220 2309 ad
1252 2268 1353 2309 loca
1386 2281 1481 2309 sua.
1546 2268 1737 2321 Cognita

80 2338 214 2390 igitur
244 2339 409 2381 virtute
441 2340 584 2380 abbas
616 2340 807 2393 predicti
841 2341 1122 2394 monasterij,
1169 2353 1276 2381 cum
1316 2344 1433 2381 esset
1473 2341 1543 2382 vir
1588 2342 1737 2382 bonus

81 2415 122 2451 et
165 2412 426 2465 religiosus,
481 2426 618 2466 super
671 2417 765 2453 tam
820 2413 1042 2454 inauditis
1096 2413 1387 2454 mirabilibus
1438 2414 1606 2465 gratias
1653 2414 1740 2466 egit

81 2484 178 2536 deo,
225 2485 482 2537 generalem
521 2498 698 2539 quoque
738 2486 883 2538 legem
916 2486 962 2527 in
996 2486 1189 2527 cenobio
1221 2486 1300 2526 illo
1333 2486 1630 2537 constituens,
1675 2491 1736 2537 ut,
1764 2498 1806 2528 30

81 2557 442 2611 'quotiescunque
488 2557 774 2599 cemiterium
821 2559 1001 2614 aliquos
1049 2560 1104 2599 de
1152 2559 1370 2599 fratribus
1417 2558 1586 2599 intrare
1635 2571 1739 2599 con-

80 2628 288 2683 tingeret,
334 2630 466 2671 toties
512 2644 594 2684 pro
641 2630 857 2672 fidelibus
902 2631 1075 2673 ibidem
1124 2631 1430 2685 pausantibus
1476 2632 1534 2671 ad
1582 2632 1736 2671 minus

168 2790 202 2825 1.
246 2789 537 2826 deambularet
580 2791 627 2827 H.
707 2791 741 2827 3.
787 2792 908 2838 quasi
949 2792 1128 2828 invicem
1172 2802 1215 2827 se
1254 2792 1347 2828 coh.
1392 2792 1440 2827 H.
1517 2791 1553 2826 4.
1596 2791 1737 2837 itaque

81 2855 157 2882 om.
192 2848 238 2883 H.
306 2848 341 2883 5.
373 2848 531 2894 inquiri
564 2849 874 2895 sum(m)opere,
908 2860 1008 2885 num
1043 2848 1197 2895 aliquis
1232 2849 1278 2884 H.
1351 2850 1470 2885 7—8.
1504 2848 1737 2884 dominum.

81 2903 152 2948 qui
185 2915 268 2939 non
299 2905 461 2950 spreuit
485 2905 697 2941 orationes
723 2917 759 2952 p.
789 2907 836 2942 H.
901 2907 1050 2953 Ssqq.:
1083 2906 1189 2941 unde
1220 2905 1306 2941 hoec
1337 2905 1556 2952 sumpserit
1586 2907 1733 2949 noster,

80 2961 252 3005 reperire
283 2972 365 2996 nou
395 2962 532 3007 potui,·
566 2961 606 2997 in
639 2961 751 2998 Iibr1‘s
783 2962 951 3009 Sulpicii
981 2963 1118 2999 Seueri
1150 2973 1232 2998 uon
1265 2963 1466 3007 Ieyuntur.
1531 2963 1566 2998 9.
1598 2973 1736 2998 sacra-

81 3020 217 3053 menta
251 3018 410 3054 domini
445 3019 491 3054 H.
569 3019 631 3055 10.
664 3020 807 3056 retulit
838 3024 911 3056 etc.
947 3021 994 3063 H,
1035 3020 1196 3056 omissis
1237 3018 1494 3065 sequentibus
1527 3029 1651 3065 usque
1682 3018 1736 3054 ad

78 3083 115 3118 ρ.
149 3073 282 3119 62,13
323 3073 590 3124 (Sciendum).
681 3077 745 3113 28.
794 3077 948 3113 virtute
996 3078 1053 3122 Μ;
1116 3076 1184 3112 sed
1229 3075 1373 3112 scribd.
1423 3076 1501 3112 vid.
1548 3076 1732 3112 veritate.

82 3130 142 3166 30.
175 3132 409 3177 generalem
442 3143 612 3179 quoque
641 3133 801 3179 scripsi3
833 3134 1158 3180 generalemque
1199 3133 1253 3169 M.
