2242 3551
439 1010 478 1042 10

441 1490 480 1520 15

439 1854 482 1884 20

440 2297 482 2326 25

443 2694 484 2725 30

505 224 587 263 252
846 233 1121 263 SCRIPTORES
1155 232 1381 261 msromAE
1415 232 1590 260 DANICAE
1623 232 1822 261 M1Nonsss

506 348 619 389 biles
659 348 885 400 predictas
926 347 1131 397 iniurias,
1179 351 1220 387 et
1267 346 1401 387 etiam
1445 349 1630 399 propter
1676 345 1830 398 plures
1875 345 1988 386 alias
2028 333 2152 400 (suo)

507 421 606 461 loco
640 424 681 460 et
711 424 916 473 tempore
949 419 1182 471 dicendaS,
1213 418 1325 471 ipsis
1350 431 1375 459 a
1399 418 1520 459 dicto
1547 417 1763 470 episcopo
1788 422 1830 458 et
1854 418 1963 470 suis,
1995 423 2151 459 contra

505 493 640 532 deum
676 496 718 531 et
749 492 884 532 etiam
918 491 1155 544 priuilegia
1190 490 1276 530 sibi
1309 494 1350 531 et
1381 490 1464 531 toti
1496 489 1647 531 ordini
1667 489 1965 542 Cysterciensi
1990 503 2015 530 a
2048 492 2153 531 sede

504 565 756 617 apostolica
809 563 1078 604 auctoritate
1122 563 1325 616 plurium
1380 574 1670 602 summorum
1724 561 1996 614 pontiticum
2051 575 2154 603 con-

505 650 653 690 cessa,
708 636 1027 676 miserabiliter
1074 635 1333 688 frequenter
1379 634 1547 687 illatas,
1601 637 1827 686 quantum
1875 638 2068 687 possunt
2113 638 2155 675 et
2204 665 2206 668 >

505 710 693 760 audent,
755 707 1017 761 supplicant
1077 708 1326 748 reuerende
1387 705 1645 760 paternitati
1705 709 1875 757 uestre,
1937 706 2155 759 quatinus

505 784 689 834 propter
728 781 866 821 deum
910 783 952 820 et
990 780 1213 820 honorem
1259 779 1389 819 beate
1435 778 1627 830 uirginis
1674 782 1715 818 et
1762 778 1954 818 salutem
2002 779 2154 820 anime

506 857 653 893 uestre
701 854 756 893 de
802 852 981 906 iniurijs
1029 852 1084 892 de
1131 851 1347 904 episcopo
1394 850 1584 891 abbacie
1632 849 1761 891 factis
1809 850 1986 892 iusticie
2034 864 2155 892 com-

506 926 788 978 plementum
837 924 934 965 fieri
980 923 1172 975 faciatis,
1219 927 1261 963 et
1306 924 1534 964 cautelam
1582 924 1637 963 de
1684 922 1837 963 futuro
1884 927 1925 963 et
1967 923 2154 976 aliquod

504 997 761 1038 remedium
797 997 915 1037 circa
949 1000 1118 1036 statum
1151 996 1342 1036 abbacie
1374 995 1435 1035 ita
1469 994 1661 1048 prouide
1693 994 1865 1048 apponi
1891 995 2158 1048 procuretis,

507 1082 562 1109 ne
609 1073 711 1122 post
757 1082 987 1110 recessum
1036 1072 1241 1108 uestrum
1281 1068 1442 1108 iterato
1484 1066 1672 1120 incipiet
1708 1067 1922 1107 abbatem
1971 1070 2012 1107 et
2053 1080 2155 1108 con-

507 1145 696 1182 uentum
731 1146 771 1181 et
805 1141 1013 1182 subditos
1046 1153 1205 1181 eorum
1239 1138 1465 1193 persequi,
1498 1142 1546 1178 ut
1577 1142 1766 1179 actenus
1798 1138 1914 1179 fecit.

1138 1298 1319 1345 Explicit
1350 1297 1531 1334 libellus.

591 1405 824 1457 (XXXIX.)
881 1370 1044 1446 Lecto
1068 1403 1221 1444 libello
1245 1416 1420 1454 omneS,
1443 1402 1521 1456 qui
1545 1404 1670 1443 hunc
1695 1402 1940 1443 audierunt
1967 1407 2008 1443 et
2030 1402 2157 1443 intel-

508 1478 734 1528 lexerunt,
790 1477 1126 1518 maledixerunt
1183 1476 1399 1529 episcopo
1446 1475 1537 1516 tali.
1624 1475 1785 1516 Statim
1833 1475 2038 1529 sequenti
2087 1475 2157 1516 die

507 1550 690 1590 recessit
724 1549 969 1590 cardinalis
1002 1550 1057 1589 de
1089 1548 1272 1589 ciuitate
1306 1548 1570 1601 Lybicensi3
1616 1548 1747 1588 cuius
1780 1547 1971 1599 uestigia
2004 1560 2157 1602 seque-

508 1623 641 1662 batur
664 1622 808 1662 abbas
832 1634 977 1675 usque
1002 1621 1047 1661 in
1069 1622 1296 1673 Bremam,
1330 1620 1408 1661 ubi
1442 1634 1546 1661 eum
1571 1620 1743 1661 inuasit
1769 1622 1794 1671 †
1818 1620 1944 1672 lagor
1975 1619 2158 1660 ualidis-

508 1695 645 1743 sima3
679 1694 936 1735 monachus
961 1707 1084 1745 uero,
1118 1706 1254 1748 quem
1281 1706 1435 1734 secum
1461 1692 1508 1733 in
1532 1693 1750 1733 comitatu
1780 1692 1955 1742 habuit,
1978 1696 2156 1744 egrotus

508 1767 553 1806 in
586 1766 770 1807 ciuitate
804 1765 953 1807 Stadis
985 1779 1131 1818 usque
1163 1766 1220 1806 ad
1253 1766 1449 1806 reditum
1490 1765 1667 1806 domini
1705 1764 1887 1806 abbatis
1925 1764 2155 1805 remansit.

509 1839 662 1879 Abbas
696 1851 805 1879 uero
838 1842 1023 1892 propter
1061 1837 1130 1877 sui
1171 1838 1378 1891 corporis
1417 1837 1770 1878 inualitudinem
1806 1837 1930 1877 uices
1962 1850 2070 1877 suas
2100 1837 2156 1877 ad

508 1911 878 1965 promouendum
935 1910 1176 1962 negocium
1232 1923 1367 1950 suum
1422 1910 1612 1951 domino
1664 1909 1861 1961 Jacobo,
1924 1908 2157 1950 Lundensi

508 1983 877 2036 archiepiscopo,
922 1982 1288 2032 commendauit3
1350 1982 1428 2037 qui
1475 1983 1719 2023 dominum
1767 1982 1965 2034 legatum
2014 1994 2158 2034 usque

511 2055 796 2106 Meitheburg
836 2055 1126 2108 sequebatur,
1173 2058 1266 2095 tam
1308 2068 1447 2096 causa
1489 2054 1664 2108 proprii
1702 2053 1881 2107 negocij
1917 2054 1986 2094 sui
2019 2066 2157 2107 quam

509 2141 647 2169 causa
680 2127 854 2180 negocij
889 2127 997 2167 dicti
1030 2127 1221 2168 abbatis.
1285 2127 1376 2178 Qui
1417 2126 1550 2168 nobis
1594 2127 1791 2167 litteram
1832 2127 1954 2167 hanc
1984 2125 2156 2167 retulit:

660 2287 767 2331 (XL.)
829 2287 983 2323 Littera
1016 2286 1174 2322 domini
1209 2287 1331 2333 legati
1363 2287 1415 2322 ad
1448 2286 1625 2322 electum
1660 2285 2000 2321 Slaeswicensem.

601 2355 782 2432 »Eater
821 2390 982 2438 Guido‚
1030 2391 1324 2431 miseratione
1366 2390 1525 2430 diuina
1575 2389 1689 2430 tituli
1732 2389 1877 2430 sancti
1920 2387 2156 2441 Laurencij

511 2464 555 2503 in
591 2464 763 2504 Lucina
806 2463 1026 2516 presbiter
1066 2463 1327 2513 cardinalis,
1374 2463 1623 2516 apostolice
1667 2462 1785 2502 sedis
1827 2463 2013 2514 legatus,
2061 2461 2158 2501 uiro

511 2536 763 2576 uenerabili
797 2540 838 2575 et
870 2536 1079 2586 discreto,
1125 2536 1266 2576 electo
1300 2535 1600 2586 Sleswicensi‚
1649 2535 1842 2575 salutem
1876 2533 1922 2574 in
1956 2533 2156 2574 domino.

513 2608 627 2648 Cum
663 2607 977 2660 Cysterciensis
1015 2608 1189 2648 ordinis
1227 2619 1445 2660 generosa
1486 2606 1709 2660 plantatio
1747 2607 1889 2647 multe
1929 2605 2159 2658 religionis

512 2684 552 2720 et
595 2681 846 2721 honestatis
887 2681 1020 2721 flores
1060 2684 1101 2721 et
1142 2680 1314 2720 fructus
1354 2679 1593 2732 protulerit
1625 2680 1770 2720 effuso
1811 2680 1943 2731 longe
1982 2679 2159 2731 lateque

451 2801 456 2804 Α
513 2753 757 2793 laudabilis
803 2752 1168 2793 conuersationis
1216 2752 1378 2803 odore,
1432 2751 1680 2805 apostolice
1734 2751 1854 2791 sedis
1899 2750 2158 2801 auctoritas,

604 2863 634 2897 1.
663 2873 740 2897 suo
768 2862 919 2899 addidi.
985 2862 1020 2898 3.
1050 2862 1271 2908 systereiefi
1296 2859 1359 2897 CS.
1424 2861 1485 2897 17.
1511 2861 1629 2907 lagor
1654 2859 1719 2905 08,
1751 2862 1951 2907 corrupte3
1984 2860 2160 2906 languor

513 2918 681 2954 coniecit
723 2919 950 2964 Lanyebelc‚
999 2918 1108 2965 quod
1152 2918 1186 2954 si
1231 2921 1331 2954 esset
1375 2928 1527 2963 verum,
1575 2918 1701 2955 simul
1745 2917 2031 2962 corriyendum
2077 2917 2161 2952 erat

513 2974 771 3015 adiectiuum.
821 2979 864 3011 ut
898 2976 1010 3021 fieret
1049 2975 1356 3019 ualidissimus3
1402 2975 1470 3011 sed
1498 2975 1590 3020 fort.
1623 2973 1774 3021 lfibago
1805 2973 2063 3010 scribendum
2095 2975 2159 3009 est.

516 3032 579 3067 23.
616 3033 759 3078 negoci
795 3033 848 3068 sui
882 3031 947 3069 CS.
1026 3034 1090 3069 29.
1124 3029 1265 3078 cystffij
1301 3030 1355 3068 C8
1392 3032 1431 3068 in
1464 3032 1547 3077 fine
1580 3042 1727 3068 versus.
1819 3031 1948 3067 multe
1982 3029 2047 3069 CS.
2092 3028 2160 3065 sed

516 3089 658 3125 rectius
692 3090 850 3124 videtur
880 3090 1047 3125 multos=
