2242 3551
432 247 668 277 Exonva
701 247 979 278 MONASTERII
1011 248 1140 278 CARAE
1172 249 1345 278 INSVLAE
1635 240 1712 279 251

62 364 262 418 hospites
301 367 343 403 et
382 375 607 416 pauperes
654 361 701 402 in
747 366 954 416 tempore
1001 363 1189 404 karistie
1236 377 1318 417 pro
1367 364 1717 405 necessitatibus

62 437 153 479 suis
191 436 491 477 subleuandis
532 435 656 489 apud
698 436 892 476 eandem
934 436 1177 477 abbaciam
1217 437 1518 490 hospitantes.
1583 438 1715 477 Item

61 523 163 552 cum
196 509 358 550 eodem
384 509 616 549 monacho
645 509 763 549 duos
786 521 1051 561 conuersos,
1085 522 1201 562 quos
1224 509 1271 549 in
1295 509 1516 550 comitatu
1539 510 1717 561 habuit,

61 580 288 624 uerberari
320 580 426 622 fecit
457 585 498 621 et
529 581 716 622 eosdem
749 581 957 622 uestibus
989 581 1179 635 spoliari
1209 585 1251 622 et
1276 582 1367 623 fere
1394 583 1546 623 nudos
1571 596 1717 636 usque

59 656 105 696 in
136 654 387 696 crastinum
420 653 689 708 derelinqui.
754 654 890 695 Item
925 654 1219 695 Scalmonem
1253 655 1536 696 monachum
1572 668 1717 696 sacer·
1743 664 1762 694 5

59 729 210 769 dotem
247 726 295 766 in
337 726 528 767 ecclesia
570 726 762 768 abbacie
803 740 883 781 per
926 727 1141 768 satellites
1183 740 1292 768 suos
1331 727 1557 781 captiuari
1598 728 1716 780 fecit,

59 812 305 842 conuersos
337 799 627 840 uerberando
659 799 707 840 in
740 800 867 841 curia
900 800 1145 842 existentes
1179 804 1222 841 et
1253 804 1453 854 quatuor
1485 813 1628 854 equos
1662 802 1717 842 de

58 873 182 915 curia
210 867 457 926 'spoliando
491 876 533 913 et
564 872 779 926 quintum
811 872 1145 914 interficiendo.
1211 873 1345 913 Item
1387 873 1433 913 in
1466 873 1555 913 alia
1589 873 1715 914 curia

58 945 245 988 abbacie
263 945 508 986 Tukonem
536 957 817 987 conuersum
850 946 1085 987 uerberari
1118 950 1160 987 et
1191 945 1416 1000 captiuari
1449 946 1565 997 fecit,
1599 946 1714 987 ostia

58 1020 300 1060 domorum
348 1017 574 1070 confringi
621 1022 663 1059 et
709 1018 871 1060 cistam
918 1032 1008 1060 vna
1055 1031 1161 1060 cum
1203 1018 1404 1072 denarijs
1448 1019 1634 1060 claustri
1675 1023 1715 1059 et
1743 1028 1784 1059 10

57 1091 271 1133 omnibus
309 1091 517 1132 uestibus
559 1091 655 1132 suis
688 1092 898 1145 spoliari3
945 1091 1047 1145 alijs
1087 1091 1223 1132 etiam
1264 1091 1503 1133 conuersis
1541 1091 1713 1132 ibidem

57 1164 352 1206 existentibus
385 1177 479 1204 non
512 1163 610 1205 sine
643 1165 914 1205 uerberibus
947 1165 1167 1206 iniuriam
1210 1176 1427 1217 magnam
1461 1164 1715 1205 intulerunt

55 1237 266 1279 homines
305 1237 522 1291 episcopi,
569 1237 827 1278 auferentes
860 1238 1032 1279 eisdem
1068 1251 1240 1292 equum
1274 1250 1434 1289 unum,
1482 1241 1524 1278 et
1556 1237 1713 1278 omnia

55 1311 328 1352 ferramenta
382 1310 597 1350 aratralia
657 1313 898 1364 ceteraque
952 1311 1259 1352 instrumenta
1320 1310 1526 1352 eiusdem
1589 1310 1713 1351 curie

56 1396 209 1424 secum
249 1387 616 1437 asportauerunt.
681 1383 817 1424 Item
860 1384 1075 1425 abbatem
1124 1388 1165 1424 et
1212 1384 1469 1425 monachos
1516 1395 1570 1423 ac
1609 1396 1714 1424 con·
1741 1394 1781 1424 15

55 1468 210 1497 uersos
243 1455 435 1497 abbacie
468 1456 576 1496 citat
608 1457 665 1497 ad
699 1470 781 1497 sua
814 1457 996 1510 placita,
1044 1457 1163 1498 sicut
1193 1458 1309 1498 alios
1342 1457 1585 1507 seculares,
1630 1469 1712 1509 pro

54 1529 182 1570 libitu
225 1541 306 1569 sue
338 1528 604 1569 uoluntatis.
671 1529 805 1569 Item
837 1529 1029 1570 colonos
1068 1515 1150 1584 <et>
1192 1529 1372 1571 uillicos
1413 1529 1604 1570 abbacie
1643 1542 1712 1570 ex-

55 1601 431 1653 communicauit,
463 1601 553 1641 nisi
585 1614 610 1642 a
643 1601 840 1643 seruicio
867 1603 1131 1643 recederent
1154 1602 1274 1643 infra
1298 1602 1549 1643 terminum
1575 1615 1714 1654 super

54 1675 142 1716 hoc
186 1674 359 1715 eisdem
407 1674 466 1714 ab
512 1674 731 1728 episcopo
779 1675 1094 1716 constitutum.
1183 1676 1318 1717 Item
1367 1688 1618 1716 conuersos
1666 1675 1712 1714 in

54 1747 250 1800 grangijs
287 1760 371 1800 pro
414 1747 619 1801 qualibet
659 1747 848 1795 offensa,
896 1751 938 1788 et
970 1747 1106 1789 etiam
1140 1748 1525 1803 aliquando‘sine
1557 1748 1711 1801 aliqua
1739 1759 1781 1789 20

54 1832 189 1861 causa
222 1819 500 1872 rationabili,
544 1820 678 1873 punit
715 1834 832 1874 pena
866 1821 1134 1875 pecuniaria
1166 1822 1225 1862 ad
1257 1822 1401 1862 instar
1434 1820 1711 1862 secularium

54 1896 344 1945 potestatum.
437 1893 571 1934 Item
628 1894 843 1934 abbatem
903 1895 1329 1936 excommunicauit
1375 1895 1422 1935 in
1469 1893 1712 1935 audiencia

55 1965 254 2018 plurium
289 1965 536 2018 bonorum,
570 1966 679 2019 quia
714 1979 760 2007 se
792 1967 1056 2008 nominauit
1088 1968 1134 2008 in
1167 1967 1328 2009 litteris
1361 1968 1456 2008 suis
1481 1967 1712 2017 abbatem,

55 2050 159 2079 cum
205 2042 360 2079 tamen
408 2043 525 2079 esset
570 2039 793 2080 canonice
846 2040 903 2080 de
957 2040 1198 2081 communi
1244 2053 1473 2081 consensu
1522 2039 1711 2093 capituli

55 2110 234 2152 electus.
298 2111 434 2152 Item
482 2112 907 2153 excommunicauit
948 2117 1247 2164 conuentum,
1294 2113 1403 2167 quia
1450 2112 1712 2154 nominauit
1738 2121 1780 2170 25

53 2183 204 2236 ipsum
238 2184 466 2225 abbatem.
532 2185 686 2237 Item,
733 2186 859 2239 quod
898 2185 1254 2226 intollerabilius
1286 2186 1530 2238 iudicatur,
1572 2185 1710 2240 priui-

53 2256 165 2308 legia
196 2270 290 2298 non
323 2257 472 2298 solum
508 2258 701 2298 abbacie
732 2257 799 2298 illi
831 2258 910 2298 sed
943 2258 1081 2299 etiam
1114 2259 1195 2300 toti
1225 2259 1377 2299 ordini
1405 2259 1709 2313 Cysterciensi

54 2340 79 2368 a
124 2330 228 2370 sede
274 2330 528 2383 apostolica
575 2343 795 2371 concessa
842 2334 884 2371 et
929 2331 1129 2384 legitime
1171 2328 1183 2386 Η
1229 2331 1326 2372 sine
1373 2332 1707 2386 interruptione
1736 2334 1898 2369 Fol.40‘'.

54 2402 299 2456 prescripta
351 2403 543 2444 omnino
595 2402 754 2444 nititur
800 2403 1075 2457 impugnare
1129 2408 1171 2445 et
1225 2405 1478 2446 adnullare.
1573 2405 1707 2445 Item

53 2460 208 2529 (idem)
240 2475 485 2529 episcopus
517 2476 943 2518 excommunicauit
975 2490 1151 2530 omnes,
1198 2477 1277 2531 qui
1315 2478 1511 2518 audiunt
1543 2476 1708 2517 missas
1735 2484 1777 2515 30

54 2548 387 2590 monachorum
435 2549 776 2590 celebrancium
824 2554 948 2591 extra
997 2551 1262 2592 claustrum.
1340 2551 1475 2591 Item
1525 2562 1707 2590 excom—

53 2620 307 2661 municauit
346 2635 507 2663 omnes
550 2623 810 2663 sacerdotes
843 2623 1085 2677 seculares,
1133 2623 1212 2677 qui
1251 2623 1410 2664 sinunt
1450 2624 1707 2664 monachos

53 2692 125 2732 uel
157 2705 405 2735 conuersos
438 2694 556 2735 dicte
589 2694 780 2736 abbacie
804 2695 965 2736 audire
992 2696 1156 2736 missas
1182 2696 1228 2736 in
1254 2696 1457 2750 ecclesijs
1482 2696 1705 2749 ipsorum.

54 2763 182 2806 Item
214 2765 336 2807 idem
371 2767 615 2821 episcopus
648 2768 851 2809 minatur
883 2768 1039 2809 abbati
1073 2772 1115 2809 et
1147 2769 1412 2820 conuentui,
1449 2769 1573 2822 quod
1606 2773 1709 2822 post

53 2848 281 2879 recessum
314 2839 491 2880 domini
524 2840 658 2893 legati
689 2844 802 2892 toto,
850 2854 942 2895 quo
983 2845 1145 2894 potest,
1193 2841 1346 2882 furore
1378 2842 1542 2881 debeat
1574 2841 1708 2881 deba·
1735 2848 1776 2878 35

55 2908 191 2951 chari.
254 2911 407 2952 Vnde
448 2913 680 2966 predictus
719 2914 864 2955 abbas
905 2918 948 2955 et
988 2918 1248 2955 conuentus
1292 2918 1478 2966 propter
1520 2914 1707 2954 misera-

140 3066 170 3101 1.
205 3067 388 3113 karistia,
422 3068 443 3104 i.
476 3079 504 3104 e.
537 3080 719 3105 annonae
750 3070 914 3106 caritas.
979 3070 1013 3105 3.
1046 3070 1243 3107 comitatu
1277 3069 1342 3106 CS.
1406 3071 1466 3106 11.
1501 3071 1624 3106 etiam
1659 3069 1708 3120 (ᾗ)

55 3122 211 3171 ,ςενίρείς
242 3128 260 3161 7
287 3123 358 3175 (et)
391 3123 454 3164 ΕΒ.
522 3126 582 3163 17,
615 3129 655 3164 et
685 3126 838 3164 addidi.
902 3128 963 3165 30„
998 3127 1108 3165 idem
1143 3127 1296 3166 addidi.
