2242 3551
558 217 639 256 356
898 226 1171 254 SCRIPTORES
1205 224 1430 253 HisTomAE
1464 225 1640 252 DANICAE
1673 225 1872 253 MiNOREs

559 342 691 381 licam
740 353 933 393 vereque
980 338 1292 390 euangelicam
1340 337 1435 378 fore
1481 338 1581 378 luce
1629 338 1795 378 clarius
1844 340 2197 391 comprobabo«

560 413 733 453 Deinde
772 411 1003 451 dominica
1045 410 1399 463 Septuagesime,
1446 409 1492 449 in
1541 410 1690 462 primo
1738 410 1946 451 videlicet
1993 424 2203 452 sermone

559 488 718 538 depost
765 484 904 534 facto,
951 483 1268 533 concionator,
1316 482 1453 522 frater
1500 482 1746 523 Seuerinus
1791 483 1953 523 Jacobi
2003 484 2203 531 nomine,

559 581 611 585 —
658 556 735 609 qui
781 554 1044 594 interfectus
1099 555 1182 594 fuit
1236 559 1392 607 postea
1439 554 1625 594 Ystadie
1678 556 1723 595 in
1779 555 1902 595 illius
1947 560 2203 596 conuentus

318 634 462 672 forms.
512 627 822 669 5Ystadensis
869 627 1059 666 fratrum
1108 627 1426 679 profligatione
1475 643 1545 667 —2
1608 627 1684 667 hic
1732 628 1919 681 quidem
1968 627 2103 668 frater
2148 628 2204 668 de

559 703 767 752 suggesto
799 699 845 738 in
878 699 947 738 sui
981 699 1207 739 sermonis
1240 699 1330 739 fine
1362 699 1627 747 declarauit‚
1666 700 1749 739 tria
1782 703 1886 740 vota
1920 703 1961 739 et
1992 704 2203 753 precepta

557 772 708 824 regule
741 771 1068 811 substancialia
1094 771 1459 825 principaliaque
1482 784 1535 811 ex
1558 771 1796 823 euangelio
1815 772 1982 812 Christi
2007 772 2203 812 lucidius

557 846 650 884 sore
683 847 906 896 suscepta.
955 843 1090 893 Quod
1123 843 1316 884 audiens
1347 843 1422 883 ille
1455 844 1711 883 antedictus
1743 844 1970 885 hereticus
2001 844 2204 884 ,Ioannes

561 916 1008 969 Hemmyngssdyng,
1042 929 1123 969 pro
1156 920 1266 956 tunc
1288 916 1332 955 in
1360 916 1694 968 presentiarum
1721 916 1897 969 positus
1929 915 2001 969 (ad
2025 917 2204 969 capien-

490 998 530 1028 10
557 991 666 1029 dum
701 987 1032 1041 predicatorem
1066 988 1111 1028 in
1146 1001 1371 1036 sermone,
1404 989 1460 1028 ad
1494 988 1686 1028 modum
1709 986 1720 1042 ΙΙ
1755 989 1901 1029 scribe
1933 993 1974 1029 et
2005 989 2205 1042 pharisei

560 1058 773 1113 fflesum),
815 1060 1079 1111 indignatus
1112 1060 1263 1100 statim
1297 1060 1552 1101 commouit
1583 1061 1808 1114 populum
1842 1065 1998 1101 contra
2032 1061 2205 1108 fratres,

557 1134 706 1187 primo
753 1133 798 1173 in
847 1133 1036 1173 ecclesia
1075 1133 1267 1172 fratrum
1309 1132 1438 1173 finito
1481 1146 1706 1184 sermone,
1754 1137 1794 1173 et
1841 1138 1997 1186 postea
2045 1134 2204 1174 eadem

558 1207 668 1247 hora
702 1206 749 1246 in
782 1206 972 1246 ecclesia
1005 1206 1272 1258 parochiali,
1319 1218 1541 1257 asserens,
1590 1219 1635 1246 se
1678 1219 1919 1260 nunquam
1958 1206 2022 1246 eis
2061 1206 2207 1259 predi-

557 1283 781 1327 caturum,
814 1282 1060 1331 antequam
1094 1278 1253 1318 fratres
1285 1278 1557 1318 inuaderent
1589 1282 1631 1318 et
1662 1291 1686 1317 a
1713 1278 2023 1331 predicatione
2048 1278 2206 1318 missa-

491 1358 529 1388 15
559 1363 752 1404 rumque
784 1351 1089 1391 celebratione
1115 1350 1393 1391 cohiberent.
1443 1350 1528 1391 Sed
1561 1350 1669 1404 quia
1701 1351 1813 1391 hora
1848 1351 1925 1391 illa
1957 1351 2205 1391 missarum

558 1423 709 1464 officia
751 1427 855 1463 actu
895 1423 1244 1463 celebrauerunt
1280 1423 1455 1471 fratres,
1503 1422 1696 1467 consilio
1736 1423 1998 1477 aliquorum
2031 1423 2203 1464 ciuium

559 1496 703 1547 magis
734 1495 910 1536 ratione
941 1496 1165 1535 vtentium
1199 1495 1524 1548 promiserunt,
1571 1495 1683 1535 illud
1725 1508 1771 1535 se
1810 1495 2012 1536 facturos
2044 1497 2205 1536 eodem

559 1569 630 1608 die
670 1572 772 1621 post
803 1567 1056 1608 meridiem.
1121 1569 1260 1608 Facto
1300 1567 1436 1620 igitur
1475 1567 1685 1620 prandio,
1732 1568 1934 1621 predicta
1973 1568 2205 1609 dominica

559 1643 660 1681 70⁰⁰e
704 1645 927 1680 venerunt
974 1640 1340 1692 Burgimagistri,
1388 1641 1601 1680 consules
1648 1644 1689 1680 et
1736 1640 1960 1693 prefectus
2008 1640 2206 1681 ciuitatis

489 1721 531 1751 20
559 1713 725 1766 aliique
759 1713 891 1753 multi
924 1714 979 1753 de
1012 1713 1384 1753 Lutheranorum
1417 1717 1559 1763 secta3
1608 1712 1687 1766 qui
1726 1713 1876 1765 primo
1917 1713 2081 1753 calices
2123 1714 2207 1753 fra-

560 1785 704 1825 tribus
748 1785 1049 1837 abstulerunt,
1096 1785 1262 1826 deinde
1308 1785 1467 1825 altaria
1514 1785 1671 1825 omnia
1718 1785 2106 1838 despoliauerunt,
2154 1798 2206 1825 30

558 1858 691 1897 etiam
733 1858 874 1897 libros
920 1858 1142 1909 chorales,
1189 1857 1465 1910 libralesque
1506 1858 1561 1897 de
1600 1856 1801 1907 libraria,
1848 1859 2208 1910 deportauerunt

557 1931 615 1970 ad
663 1930 932 1979 sacristiam,
979 1934 1021 1970 et
1067 1930 1292 1983 prefectus
1336 1931 1515 1970 clauem
1564 1943 1646 1983 pro
1694 1929 1901 1970 sacristia
1940 1929 2115 1982 accepit
2153 1942 2206 1970 30

558 2003 714 2042 onmia
767 2002 939 2043 ibidem
993 2002 1190 2043 inclusit.
1283 2003 1472 2043 Necnon
1528 2001 1812 2055 prohibitum
1870 2005 1936 2042 est
1990 2002 2206 2042 fratribus

490 2081 532 2112 25
559 2075 726 2115 dehinc
766 2087 1042 2128 campanam
1084 2088 1166 2128 pro
1208 2075 1334 2115 horis
1381 2074 1616 2115 canonicis
1656 2075 1852 2127 pulsare.
1917 2074 2011 2114 Hec
2050 2074 2205 2114 omnia

559 2147 683 2187 ciues
722 2148 905 2200 propria
939 2147 1222 2197 auctoritate,
1268 2147 1366 2187 sine
1405 2147 1533 2188 omni
1576 2146 1825 2200 superioris
1866 2146 2206 2196 commissione,

559 2220 616 2259 ad
648 2219 915 2259 instinctum
948 2220 1092 2272 ipsius
1125 2219 1342 2260 diabolici
1370 2219 1669 2273 predicatoris
1697 2218 1991 2259 Lutheranici
2013 2219 2207 2259 Joannis

385 2298 532 2333 fol.21V.
563 2292 997 2345 Hemmyngssdyng
1038 2292 1337 2344 perfecerunt.
1401 2291 1618 2332 Permissi
1655 2288 1667 2345 Η
1705 2295 1857 2331 tamen
1903 2294 2008 2330 sunt
2047 2291 2206 2331 fratres

562 2376 720 2403 omnes
761 2364 805 2403 in
850 2368 1081 2404 conuentu
1122 2378 1307 2405 manere
1340 2365 1491 2413 simul,
1538 2364 1686 2404 donec
1718 2363 2070 2403 commestibilia
2104 2376 2207 2403 con-

492 2446 534 2476 30
563 2440 863 2476 sumerentur.
913 2436 997 2477 Sed
1031 2449 1087 2476 ne
1119 2436 1208 2476 illis
1240 2436 1527 2489 consumptis
1560 2436 1693 2476 citius
1726 2448 1887 2476 omnes
1919 2435 2057 2475 simul
2081 2435 2205 2475 iuxta

561 2508 672 2548 velle
706 2509 1074 2549 Lutheranorum
1109 2513 1393 2548 conuentum
1424 2509 1698 2559 desererent,
1730 2507 1949 2548 dominus
1983 2508 2207 2559 Holgerus

562 2578 759 2629 Greerl'ss,
792 2581 1076 2632 congregatis
1108 2580 1479 2633 Burgimagistris
1510 2593 1564 2620 ac
1595 2580 1864 2621 consulibus
1896 2581 1941 2619 in
1975 2583 2205 2620 conuentu

647 2682 683 2717 2.
717 2682 928 2717 dominica
955 2682 1338 2728 Septuagesimaez
1356 2683 1390 2718 5.
1421 2681 1648 2728 Februarij.
1712 2683 1746 2717 3.
1780 2682 1929 2728 depost
1958 2679 2023 2729 (z
2046 2679 2206 2726 postea)

561 2748 596 2784 h.
630 2749 668 2791 I.‚
706 2750 751 2784 ni
779 2749 915 2795 fallor,
946 2750 1170 2796 significat:
1218 2754 1313 2797 post
1344 2750 1516 2786 missam
1550 2749 1809 2785 matutinam.
1887 2751 1922 2786 7.
1959 2750 2109 2785 subalta
2142 2749 2203 2784 W.

561 2806 595 2840 9.
627 2806 1023 2853 Hymmyngssdyng
1041 2805 1076 2843 K
1102 2818 1247 2843 errore.
1328 2808 1380 2843 ad
1404 2807 1657 2853 capiendum
1682 2810 1768 2852 etc,
1799 2806 1870 2852 cfr.
1888 2806 2028 2843 Matth.
2048 2807 2112 2851 22,
2133 2805 2204 2847 15,-

563 2861 683 2901 Μανε,
707 2863 850 2907 12,13,·
882 2863 977 2900 Luc.
997 2863 1135 2910 20,20.
1199 2865 1261 2900 10.
1286 2865 1338 2900 ad
1364 2865 1536 2900 modum
1553 2865 1731 2899 :sicut
1799 2865 1856 2899 19.
1884 2863 2117 2909 Burgimg—ri
2136 2863 2204 2907 W3

564 2919 888 2965 Burgimagister
905 2920 989 2965 BC,
1020 2921 1089 2956 sed
1112 2923 1252 2967 postea
1276 2932 1379 2960 corr,
1398 2922 1533 2957 Arnas
1559 2921 1600 2956 in
1624 2920 1669 2957 C.
1732 2921 1793 2956 22.
1828 2920 2105 2966 deportarunt
2123 2920 2205 2962 BC,

562 2975 628 3010 sed
655 2978 791 3021 postea
823 2987 923 3012 corr.
955 2977 1090 3014 Arnas
1123 2978 1164 3013 in
1197 2978 1243 3014 C.
1311 2979 1374 3014 29.
1407 2977 1683 3014 comestibilia
1718 2977 1802 3014 BC.
1877 2977 1939 3013 32.
1973 2978 2203 3013 Greerssun

561 3030 678 3123 (aligs
710 3033 932 3081 Wlfztand)
971 3035 1053 3079 BC,
1099 3035 1168 3070 sed
1207 3046 1306 3070 cot-11
1348 3045 1397 3070 ex
1435 3035 1487 3070 W
1524 3035 1659 3070 Arnas
1697 3034 1738 3070 in
1778 3034 1824 3079 C,
1871 3034 2007 3070 deletis
2054 3032 2203 3069 ultimis

566 3098 633 3123 ver
660 3099 703 3124 ιε.
