2242 3551
424 1010 466 1040 10

426 1373 467 1403 15

426 1735 469 1766 20

429 2097 471 2128 25

491 220 545 266 50
833 230 1109 266 SCRIPTORES
1142 231 1369 266 HISTORIAE
1402 232 1579 265 DANICAE
1611 233 1811 265 M1N0RES

487 357 660 392 tumn«
712 351 849 402 Quod
876 364 981 392 cum
1007 351 1054 391 in
1079 351 1170 392 fide
1196 364 1277 391 sua
1310 350 1607 404 promisisset,
1641 350 1758 391 datis
1791 349 1927 390 etiam
1960 349 2142 390 fideius-

489 424 671 465 soribus
718 423 759 464 ei
803 424 1182 465 intercessoribus
1230 424 1524 477 supradictis,
1576 423 1796 463 dimissus
1844 427 1910 463 est
1954 423 2140 463 tandem

488 498 602 538 liber
655 498 712 537 ad
767 497 974 537 humana
1027 496 1205 537 reuerti.
1297 496 1640 550 Confestimque
1697 495 1901 536 redditus
1957 495 2043 535 sibi
2101 499 2144 535 et

488 570 698 624 aperiens
730 570 889 610 oculos
922 573 1194 623 receptoque
1234 582 1321 609 usu
1362 568 1580 622 loquendi
1620 568 1816 608 surrexit
1857 571 1899 608 et
1939 568 2054 608 sedit
2096 568 2143 607 in

489 644 603 683 lecto
644 655 750 691 suo3
798 655 997 695 moxque
1037 641 1083 681 in
1123 641 1319 682 iubilum
1362 655 1609 694 erumpens
1649 640 1767 694 cepit
1806 641 2004 681 clamare
2035 652 2142 681 cum

489 715 677 768 gaudio:
730 714 1029 755 »Benedictus
1062 715 1197 754 deus!
1244 725 1324 766 ego
1357 714 1576 754 liberatus
1609 727 1712 754 sum
1746 717 1787 753 et
1818 713 2018 766 amplius
2051 725 2143 752 non

490 788 679 828 ardebo!
744 786 921 828 Gratias
962 786 1043 827 tibi
1083 798 1180 838 ago,
1229 791 1384 827 sancta
1425 787 1497 827 dei
1537 786 1742 839 genitrix,
1790 786 1897 839 quia
1941 785 2144 825 liberasti

491 874 563 901 me
596 861 650 901 de
683 860 896 900 incendio
928 858 1029 911 isto,
1069 863 1110 899 et
1148 859 1350 912 amplius
1382 872 1475 900 non
1509 859 1725 899 ardebol«
1791 858 2006 899 Videntes
2039 869 2143 910 ergo

491 933 664 984 cuncti,
711 931 790 986 qui
836 932 1047 985 aderant,
1095 932 1311 972 iuuenem
1360 933 1415 972 de
1462 935 1607 972 morte
1654 935 1945 981 reuocatum,
1993 930 2144 970 mirati

492 1010 610 1047 sunt.
674 1005 775 1058 Ipse
821 1018 928 1046 vero
975 1018 1055 1058 per
1102 1005 1300 1045 multum
1340 1004 1559 1057 temporis
1600 1003 1809 1057 spacium
1857 1003 1972 1043 nihil
2018 1003 2144 1043 aliud

492 1079 641 1119 dicere
672 1077 820 1131 potuit
852 1077 941 1117 nisi
972 1081 1173 1118 tantum:
1226 1078 1348 1118 »Deo
1380 1077 1561 1129 gratias,
1606 1088 1686 1129 ego
1720 1089 1812 1117 non
1846 1076 2031 1128 ardebo,
2063 1086 2144 1127 ego

492 1164 585 1191 non
618 1150 834 1190 ardebol«
902 1149 1164 1190 Conuersus
1205 1151 1391 1190 tandem
1425 1135 1508 1194 <ad
1539 1134 1667 1202 illos),
1715 1162 1804 1202 que
1836 1148 2024 1196 viderat,
2067 1160 2146 1200 per

493 1224 701 1264 ordinem
735 1221 970 1262 indicauit.
1025 1222 1152 1262 Unus
1185 1226 1339 1262 autem
1372 1235 1425 1262 ex
1458 1222 1535 1273 eis,
1568 1222 1637 1262 vir
1668 1222 1818 1261 bonus
1852 1225 1893 1261 et
1926 1220 2145 1272 eruditus,

492 1296 764 1336 hesitantem
806 1295 861 1334 de
901 1294 1076 1335 visione
1115 1295 1453 1335 adolescentem
1494 1294 1711 1334 secretius
1752 1293 1935 1334 instruit
1965 1293 2141 1333 dicens:

498 1368 642 1409 »Scito
683 1379 959 1420 prenoscens
1000 1366 1207 1407 futurum
1247 1371 1288 1407 te
1329 1380 1425 1407 esse
1465 1367 1620 1419 magni
1658 1366 1860 1407 nominis
1904 1366 2055 1406 virum
2103 1369 2145 1406 et

492 1442 686 1494 gradum
720 1439 919 1479 maxime
952 1439 1183 1491 dignitatis
1215 1439 1261 1479 in
1294 1439 1481 1480 ecclesia
1516 1439 1798 1480 sortiturum.
1853 1439 2002 1489 Quem
2036 1451 2141 1478 cun]

493 1514 675 1554 fauente
721 1513 806 1552 deo
853 1513 1045 1565 adeptus
1092 1511 1252 1564 fueris,
1308 1516 1486 1565 oportet
1530 1516 1572 1552 te
1619 1512 1665 1552 in
1712 1512 1935 1552 honorem
1983 1510 2056 1551 dei
2103 1514 2144 1550 et

495 1589 649 1627 sancte
688 1584 876 1636 virginis
917 1584 1075 1624 matris
1114 1584 1405 1625 diuersorum
1445 1585 1661 1625 ordinum
1709 1584 1900 1625 cenobia
1939 1583 2144 1638 quinque

494 1659 550 1699 de
581 1663 660 1698 tuo
692 1660 993 1698 construere«
1051 1657 1132 1697 His
1164 1656 1239 1697 ille
1271 1657 1440 1697 auditis
1472 1657 1653 1697 interim
1689 1657 1848 1706 tacuit,
1881 1657 1973 1707 sed,
2006 1669 2143 1709 quem

494 1744 566 1771 res
592 1730 762 1771 exitum
789 1729 1003 1769 habitura
1031 1729 1158 1780 foret,
1191 1743 1371 1782 semper
1396 1729 1618 1770 sollicitus
1643 1729 1739 1770 fuit.
1790 1730 2011 1769 Processu
2037 1741 2144 1768 vero

495 1803 715 1856 temporis
755 1805 860 1842 oum
908 1801 1109 1854 prefatus
1153 1802 1435 1854 adolescens,
1483 1806 1598 1842 etate
1636 1802 1803 1855 pariter
1842 1805 1885 1842 et
1922 1800 2144 1854 sapientia

496 1887 717 1923 crescens,
764 1873 856 1913 iam
899 1874 944 1913 in
984 1874 1133 1915 virum
1182 1875 1409 1927 optimum
1453 1874 1732 1927 profecisset,
1779 1874 2020 1915 ordinante
2059 1873 2144 1913 deo

497 1948 555 1988 ad
587 1947 788 1999 regimen
823 1947 1082 1987 Lundensis
1114 1947 1315 1999 ecclesie,
1348 1960 1435 2000 que
1469 1947 1607 1987 Dacie
1640 1947 1906 1999 metropolis
1938 1946 2145 1998 habetur,

498 2024 763 2073 assumptus
803 2022 881 2060 est.
959 2019 1049 2069 Qui
1094 2019 1199 2060 ilico
1246 2019 1466 2059 reddendi
1513 2019 1605 2060 voti
1648 2019 1718 2060 sui
1764 2023 1946 2072 tempus
1987 2018 2146 2059 adesse

499 2093 726 2144 cognouit.
791 2091 961 2132 Nactus
1001 2092 1135 2143 igitur
1174 2091 1530 2144 oportunitatem
1572 2093 1627 2133 de
1666 2092 1853 2133 remotis
1894 2091 2144 2133 Galliarum

499 2165 719 2218 partibus,
765 2164 843 2204 ubi
886 2164 1058 2204 fontem
1101 2164 1332 2216 religionis
1380 2177 1477 2204 esse
1525 2168 1815 2216 cognouerat,
1863 2177 1956 2204 non
1995 2164 2146 2203 solum

588 2298 708 2336 1—2.
750 2298 791 2333 in
833 2297 1154 2333 fideiussoribus
1195 2297 1337 2333 intere.
1372 2297 1424 2342 C;
1471 2299 1512 2332 in
1552 2298 1822 2333 fideiussores
1861 2307 1963 2334 corr.
1996 2295 2144 2341 Arnas,

499 2354 568 2392 sed
594 2357 734 2401 postea
766 2365 858 2390 cum
890 2356 923 2390 Α
956 2356 996 2390 in
1029 2354 1211 2390 omittere
1242 2354 1404 2399 maluit,
1444 2355 1485 2390 in
1519 2354 1840 2390 fideiussoribus
1872 2365 1920 2389 ex
1951 2353 2066 2402 (corr.
2100 2363 2148 2389 ex

499 2415 550 2457 et,
597 2413 637 2448 in
677 2423 756 2458 quo
796 2412 833 2448 ei
874 2412 994 2448 latere
1033 2408 1165 2459 credo)
1203 2411 1345 2446 intere.
1379 2412 1432 2456 H3
1479 2412 1520 2447 in
1566 2412 1804 2447 fideiussori
1844 2415 1883 2447 et
1921 2411 2063 2446 intere.
2104 2410 2145 2446 S.

501 2471 536 2504 2.
564 2469 772 2505 demissus
792 2469 838 2505 H.
901 2470 936 2505 4.
965 2470 1188 2515 apperiens
1207 2467 1246 2503 S.
1309 2469 1342 2504 7.
1366 2470 1563 2514 genetrix,
1595 2469 1709 2515 quod
1729 2469 1775 2504 H.
1837 2469 1871 2505 8.
1898 2469 1977 2504 isto
2003 2478 2080 2504 om.
2101 2468 2146 2503 H.

457 2532 462 2535 ”
500 2535 597 2572 ergo
629 2526 689 2571 M3
736 2530 874 2562 autem
910 2526 964 2570 H;
1007 2536 1084 2562 om.
1117 2526 1160 2561 Α.
1237 2525 1385 2561 9—10.
1418 2526 1556 2561 mirati
1589 2526 1708 2562 valde
1740 2526 2064 2562 sciscitabantur
2095 2525 2146 2560 ab

499 2594 548 2619 eo
581 2586 693 2619 tante
716 2583 852 2619 leticie
878 2594 1060 2619 causam.
1107 2583 1201 2629 Ipse
1227 2593 1325 2618 vero
1344 2582 1398 2627 Α,
1431 2583 1537 2618 male
1566 2582 1632 2618 hic
1663 2594 1746 2618 rem
1779 2583 1859 2629 eyit
1880 2581 2147 2618 abbreuiator.

503 2641 564 2675 11.
595 2640 767 2676 alterum
801 2650 874 2686 ego
908 2651 992 2676 non
1025 2639 1182 2675 ardebo
1214 2649 1290 2675 om.
1326 2640 1371 2675 H.
1436 2640 1498 2675 12.
1531 2640 1581 2675 ad
1614 2640 1708 2676 illos
1740 2651 1817 2676 om.
1851 2640 1941 2675 MH.
2005 2640 2066 2676 13.
2099 2650 2148 2674 ex

500 2697 561 2732 eis
600 2707 679 2732 om.
715 2698 760 2733 H.
850 2697 917 2733 vix
952 2696 1045 2745 (pro
1072 2694 1151 2745 vir)
1191 2696 1231 2741 S,
1278 2695 1353 2732 vid.
1393 2696 1446 2731 ad
1481 2707 1520 2742 p.
1554 2696 1697 2742 3224.
1774 2698 1837 2733 14.
1875 2697 2045 2732 instruit
2085 2696 2147 2743 M3

501 2754 724 2790 instituens
753 2755 800 2798 H,
831 2754 899 2790 sed
926 2765 1028 2790 corr.
1054 2764 1106 2790 m.
1135 2754 1154 2789 1
1190 2754 1230 2789 in
1265 2753 1462 2799 instituit3
1494 2752 1759 2803 instituitis(!)
1784 2753 1824 2789 S.
1890 2754 1953 2789 17.
1981 2753 2147 2789 fauente

502 2811 674 2846 domino
714 2812 761 2848 Η.
846 2812 887 2847 in
928 2812 1025 2847 hon.
1068 2810 1225 2846 domini
1260 2810 1307 2845 H.
1385 2810 1446 2846 18.
1494 2811 1776 2847 diuersorium
1794 2808 1834 2858 (1)
1875 2811 1912 2846 S.
1991 2810 2052 2846 19.
2097 2810 2148 2845 de

502 2868 584 2903 tuis
630 2869 676 2904 H.
782 2868 933 2904 iterum
987 2868 1133 2911 tacuit,
1195 2867 1372 2911 scilicet,
1431 2878 1555 2912 quem
1604 2868 1651 2904 H.
1756 2868 1818 2903 20.
1865 2867 2054 2903 solicitus
2101 2867 2147 2902 H.

504 2925 682 2960 21—22.
715 2928 1096 2968 etate..c1·escens‚
1142 2924 1211 2970 cfr.
1247 2923 1339 2960 Luc,
1366 2922 1403 2968 2,
1423 2923 1485 2960 52.
1563 2925 1625 2960 23.
1658 2925 1842 2970 regimen
1875 2924 1926 2968 M,
1970 2925 2006 2959 et
2038 2924 2072 2959 H
2106 2923 2148 2958 in

504 2992 652 3027 marg,
686 2991 857 3028 regnum
884 2982 918 3017 H
948 2982 987 3017 in
1019 2983 1124 3017 textu
1150 2983 1186 3017 et
1209 2981 1250 3017 S.
1312 2981 1376 3016 24.
1404 2984 1615 3017 assumtus
1635 2982 1686 3025 M,
1720 2983 1763 3016 ut
1783 2981 1882 3016 solet
1964 2980 2076 3015 illico
2096 2980 2146 3015 M.

503 3042 668 3084 tempus
716 3039 763 3083 H,
810 3038 878 3074 sed
920 3039 1052 3084 potuit
1095 3038 1270 3084 tempris
1319 3037 1404 3082 le9i,
1453 3039 1489 3072 et
1534 3037 1627 3073 inde
1664 3038 1866 3084 temporis
1906 3037 2067 3082 scripsit
2108 3036 2147 3072 S.

505 3096 567 3131 25.
600 3096 886 3142 oportunitate
919 3096 965 3141 H,
997 3095 1065 3131 sed
1096 3095 1270 3130 correxit
1298 3093 1552 3139 stephanius.
