2242 3551
600 189 741 217 VETvs
773 189 1001 217 CHRONICA
1033 189 1271 217 siALANDOE
1700 180 1749 218 31

308 305 456 341 Clarus
489 305 592 350 auis,
625 305 765 341 clarus
798 305 957 340 meritis
991 308 1029 340 et
1062 305 1200 341 clarus
1234 306 1396 340 honore

404 374 553 410 claruit
587 374 769 420 eloquio,
801 374 1018 419 relligione
1052 375 1192 420 magis.

310 443 420 477 Mors
452 445 514 478 est
545 442 670 487 clara,
703 443 808 478 cinis
841 442 993 487 clarus,
1025 442 1272 489 clarumque
1305 443 1562 489 sepulcrum,

404 512 559 547 clarior
590 511 747 548 exultat
779 511 953 557 spiritus
986 514 1081 546 ante
1115 511 1252 547 deum.

196 624 372 665 MCXV.
407 623 678 664 Clarauallis
696 623 928 674 fundatur,
947 627 988 663 et
1007 623 1167 663 beatus
1184 624 1444 664 Bernardus
1780 638 1798 668 5

248 697 419 737 ibidem
452 697 597 737 abbas
630 696 874 750 preficitur.
1494 679 1755 768 Αῇεἷέῗὲἑζῗα

195 769 373 810 MCXX.
422 769 549 810 Ordo
583 768 1023 809 Premonstratensis
1055 768 1238 808 initium
1273 769 1424 809 sumit.
1725 763 1729 768 ’

196 841 415 882 MCXXX.
473 841 666 882 Sanctus
700 842 910 881 Kanutus
948 841 1042 881 dux
1076 841 1214 882 Dacie
1257 842 1578 895 martyrizatus
1610 846 1675 882 est
1708 843 1752 882 in

101 914 230 968 sylua
265 914 602 954 Haraldstathae
642 927 666 954 a
702 914 881 965 Magno,
928 913 1023 954 filio
1058 914 1235 954 Nicolai
1277 914 1406 966 regis.
1471 914 1586 955 Cum
1630 915 1752 954 enim

100 1000 177 1027 rex
223 987 406 1038 Ericus,
454 986 729 1039 cognomine
778 987 954 1036 Bonus,
1001 987 1057 1026 ad
1105 990 1271 1027 terram
1321 992 1526 1028 sanctam
1575 987 1754 1040 profici·
1782 1002 1822 1032 10

101 1063 312 1112 sceretur,
347 1060 618 1111 Haraldum,
651 1059 799 1099 filium
830 1072 967 1099 suum
994 1059 1215 1100 maiorem
1242 1064 1366 1111 natu,
1401 1073 1537 1113 super
1561 1072 1751 1112 regnum

100 1132 357 1182 constituit;
407 1133 641 1172 Kanutum
684 1145 804 1181 vero,
852 1131 957 1185 quia
1009 1136 1115 1172 tunc
1160 1132 1381 1185 temporis
1428 1146 1599 1186 paruus
1646 1138 1754 1184 erat,

101 1205 370 1258 Skyalmoni
405 1204 614 1245 Candido
647 1205 863 1245 alendum
899 1205 1144 1245 commisit.
1199 1205 1256 1245 Ut
1288 1209 1440 1245 autem
1476 1219 1599 1246 mors
1635 1206 1754 1246 Erici

100 1278 242 1318 Danis
274 1278 487 1330 innotuit,
530 1278 785 1318 Haraldum
820 1276 1023 1318 deiciunt
1056 1281 1097 1317 et
1131 1277 1388 1328 Nicolaum,
1421 1278 1605 1319 fratrem
1641 1279 1756 1330 regis

101 1352 234 1403 Erici,
281 1364 418 1404 super
456 1362 648 1402 regnum
691 1351 1006 1391 firmauerunt.
1071 1350 1161 1401 Qui
1202 1362 1256 1390 ex
1295 1350 1451 1402 regina
1486 1352 1751 1403 Margareta,
1780 1363 1820 1393 15

100 1423 243 1464 nobili
276 1423 460 1472 femina,
493 1423 640 1464 filium
667 1424 855 1464 nomine
876 1424 1095 1475 Magnum
1122 1423 1393 1476 procreauit.
1443 1424 1551 1464 Post
1583 1436 1756 1477 paucos

50 1526 52 1528 -
100 1497 234 1548 igitur
266 1509 427 1547 annos,
461 1508 565 1536 cum
595 1496 748 1548 regina
774 1496 895 1537 diem
920 1499 1123 1536 cerneret
1145 1495 1231 1535 sibi
1259 1495 1474 1536 ultimum
1500 1496 1756 1548 imminere,

101 1570 335 1610 Kanutum
367 1569 562 1621 benigne
595 1569 859 1623 alloquitur,
907 1572 956 1609 ut
989 1569 1156 1620 Magno
1198 1568 1292 1608 filio
1335 1582 1418 1609 suo
1457 1569 1683 1621 benignus
1715 1574 1756 1610 et

99 1642 381 1695 fauorabilis,
429 1645 477 1682 ut
517 1642 588 1682 ius
633 1641 1043 1694 consanguinitatis
1076 1641 1353 1694 postulabat,
1401 1641 1629 1692 existeret3
1677 1642 1755 1696 qui

99 1714 347 1768 spopondit
379 1713 494 1755 nihil
527 1714 765 1755 sinistrum
790 1715 829 1755 ei
854 1727 934 1768 per
958 1727 1005 1754 se
1029 1714 1351 1763 eueniendum,
1386 1718 1428 1754 et
1458 1716 1583 1769 quod
1616 1715 1752 1755 frater
1776 1725 1819 1755 20

98 1787 137 1828 ei
170 1787 318 1827 fidelis
348 1787 395 1827 in
428 1787 646 1828 omnibus
678 1787 898 1828 existeret.
963 1787 1071 1827 Post
1102 1787 1359 1840 paululum,
1408 1791 1592 1828 mortuo
1637 1788 1753 1828 duce

100 1860 245 1900 Elauo
271 1861 326 1900 de
352 1859 550 1910 Sleswic,
585 1860 794 1900 Kanutus
826 1861 1045 1900 ducatum
1082 1872 1107 1899 a
1139 1870 1241 1911 rege
1274 1859 1435 1912 petiuit
1467 1863 1508 1900 et
1540 1859 1751 1902 obtinuit.

186 1933 352 1973 Factus
383 1932 519 1984 igitur
551 1933 643 1972 dux
676 1932 747 1972 dei
781 1932 1082 1985 dispositione
1117 1932 1326 1972 Kanutus
1359 1932 1512 1985 posuit
1548 1932 1751 1984 gladium

99 2018 235 2059 super
266 2005 416 2046 femur
448 2018 608 2046 suum:
657 2005 896 2045 inuasores
936 2005 1061 2056 regni
1103 2004 1347 2057 dissipauit
1380 2008 1421 2045 et
1452 2004 1497 2044 in
1533 2004 1659 2045 breui
1694 2005 1752 2045 ab

99 2078 225 2118 omni
258 2078 573 2131 persecutione
606 2077 801 2130 patriam
828 2089 959 2117 suam
986 2077 1211 2127 liberauit,
1244 2076 1351 2130 quia
1378 2090 1544 2117 manus
1572 2077 1751 2117 domini
1778 2087 1819 2118 25

99 2154 193 2191 erat
239 2163 344 2190 cum
392 2163 458 2191 eo.
551 2150 606 2190 Et
653 2150 834 2190 merito:
897 2149 1027 2203 quia,
1083 2153 1255 2202 quanto
1305 2149 1569 2199 sublimior,
1625 2153 1750 2189 tanto

184 2257 219 2293 3.
263 2257 384 2292 cinus
424 2255 462 2292 S.
539 2256 659 2292 5—7.
703 2256 749 2291 In
784 2256 818 2291 H
858 2254 944 2290 Iioec
984 2255 1123 2290 omnia
1165 2254 1205 2290 in
1240 2257 1390 2291 textum
1427 2255 1560 2301 ipsum
1594 2256 1749 2301 recepta

97 2316 215 2359 sunt,·
246 2314 430 2359 idemque
460 2313 674 2349 dicendum
707 2315 765 2349 est
794 2313 841 2348 de
872 2311 1061 2348 omnibus
1100 2311 1458 2355 »Achitamentis«,
1493 2323 1582 2357 quae
1614 2312 1750 2347 Arnas

99 2370 310 2416 Maynoeus
344 2371 384 2406 in
409 2369 663 2416 sequentibus
689 2369 818 2414 habet,
853 2368 926 2405 sub
948 2369 1072 2415 finem
1098 2368 1284 2404 editionis
1309 2370 1482 2405 collecta.
1546 2370 1580 2405 5.
1614 2369 1750 2405 Clare-

100 2428 220 2463 uallis
247 2429 294 2464 H.
359 2430 393 2464 8.
426 2431 487 2463 cst
516 2438 595 2463 om.
625 2428 671 2463 H.
733 2428 854 2463 8-9,
890 2427 929 2462 in
964 2426 1070 2462 silua
1099 2426 1395 2462 Haraldstathe
1415 2427 1462 2461 H.
1526 2427 1676 2461 9—22.
1702 2436 1751 2461 ex

101 2484 244 2531 Officio
275 2484 484 2520 Passionis
515 2484 550 2520 S.
587 2484 735 2520 Canuti
767 2484 890 2520 Ducis
922 2486 1018 2519 sunt
1047 2486 1244 2529 excerpta,
1280 2483 1355 2518 vid.
1384 2483 1452 2519 Vit.
1478 2482 1610 2518 Sanct.
1645 2483 1748 2519 Dan.

96 2552 136 2587 p.
172 2542 262 2587 189,
286 2541 570 2584 14—191,15.
644 2543 704 2578 11.
741 2544 838 2577 natu
874 2541 931 2584 H;
973 2544 1115 2576 uatum
1151 2540 1202 2575 M.
1266 2541 1327 2576 12.
1362 2541 1459 2586 quia
1495 2540 1552 2582 M;
1596 2541 1668 2586 qui
1703 2541 1748 2575 H.

99 2602 186 2634 erat
218 2610 297 2635 om.
330 2600 376 2635 H.
456 2599 518 2634 13.
553 2598 795 2634 Schalmoni
830 2598 875 2634 H.
956 2598 1016 2633 15.
1051 2598 1313 2642 Margaretha
1347 2597 1386 2640 S,
1432 2599 1468 2632 ei
1506 2597 1561 2632 sie
1601 2598 1749 2642 saepius

100 2656 293 2695 variatur,
374 2657 434 2693 17.
470 2656 594 2701 igitur
628 2656 686 2701 Μ;
727 2666 825 2701 ergo
860 2655 906 2691 H.
986 2655 1162 2690 18—19.
1207 2657 1251 2690 ut
1284 2654 1748 2700 Magno..fauorabilis

99 2723 176 2749 om.
210 2713 238 2748 S
268 2712 367 2761 (non
396 2711 457 2759 Η).
526 2712 584 2747 19.
618 2714 850 2758 postularet
882 2712 928 2747 H.
991 2713 1053 2747 20.
1088 2712 1306 2757 respondit
1338 2711 1377 2746 S.
1452 2712 1677 2746 senistrum
1713 2711 1746 2746 H

98 2768 205 2817 (item
246 2767 369 2818 alibi).
446 2770 509 2805 22.
543 2769 676 2805 Olauo
709 2770 747 2806 S.
837 2768 1023 2804 Slesvich
1060 2768 1105 2804 H.
1183 2767 1486 2814 23—-p,33,13
1527 2778 1576 2803 ex
1611 2768 1747 2802 eodem

103 2825 245 2872 Officio
291 2829 494 2872 excerpta.
553 2827 688 2862 multis
742 2825 902 2862 omissis
959 2827 993 2860 et
1039 2825 1130 2860 aliis
1177 2825 1309 2871 magis
1355 2826 1543 2860 minusue
1589 2825 1752 2859 licenter

101 2884 288 2929 mutatis,·
332 2883 403 2929 cfr.
441 2883 510 2919 Vit.
549 2882 681 2920 Sunci.
723 2884 829 2920 Dan.
874 2882 961 2923 191,
982 2882 1184 2925 20—200,
1207 2882 1267 2917 11.
1314 2902 1367 2906 —
1416 2882 1478 2917 23.
1526 2882 1651 2927 igitur
1691 2881 1748 2919 M2

100 2949 197 2985 ergo
232 2941 278 2976 H.
367 2941 432 2976 dei
474 2941 530 2983 M;
577 2940 685 2976 dicta
729 2942 775 2977 H.
854 2940 918 2975 24.
959 2949 1087 2984 super
1120 2939 1173 2983 H,
1220 2949 1346 2984 supra
1383 2938 1430 2973 M.
1508 2939 1571 2973 25.
1612 2948 1748 2983 perse-

100 2995 328 3045 q(v)uti0ne
348 2998 394 3041 H,
428 3000 470 3033 ut
493 2998 600 3033 solet.
672 3000 770 3043 quia
791 2999 850 3042 M3
882 2996 994 3041 quod
1016 2996 1049 3030 H
1075 2996 1183 3043 (item
1208 2996 1333 3040 paulo
1356 2993 1474 3040 post).
1538 2996 1601 3030 26.
1626 3005 1674 3030 eo
1695 2995 1747 3032 H:

102 3054 195 3098 ipso
231 3054 280 3089 M.
