2242 3551
550 195 692 224 VETvs
723 195 951 224 CHRONICA
983 196 1220 224 SIALANDIE
1649 186 1701 224 35

142 310 467 364 (MCXXXVII.
523 308 729 350 Tenebre
760 308 944 349 fuerunt
976 309 1021 349 in
1055 309 1416 361 Quadragesima
1450 323 1529 363 per
1560 314 1700 350 totam

61 373 262 426 Daciam.
310 382 451 424 Addit.
485 382 582 432 ree.)

145 456 477 497 MCXXXVIII.
526 455 734 495 Mortuus
766 458 832 495 est
858 455 1052 494 Ascerus
1085 455 1472 508 archiepiscopus.
1523 455 1704 495 Electus

60 533 123 570 est
156 529 357 569 Eskillus
390 528 645 581 episcopus.

145 601 432 643 MCXXXIX.
495 599 657 640 Ericus
691 600 885 640 Emunae
917 599 1181 640 interfectus
1214 605 1279 640 est
1317 599 1474 651 (Addit.
1509 613 1608 640 rec:
1659 600 1703 639 in
1731 608 1750 637 5

58 675 197 725 Jutia)
234 687 257 714 3
300 674 501 726 Plogone
541 672 691 724 Nigro.
755 672 839 713 Cui
886 672 1105 712 successit
1150 686 1293 726 nepos
1339 673 1450 722 eius,
1497 673 1705 713 videlicet

61 748 220 789 Ericus
256 746 412 786 Lamb.

141 819 336 871 (MCXL.
399 817 543 859 Olaus
582 817 706 858 filius
740 817 929 858 Haraldi
972 818 1210 859 rebellauit
1242 818 1284 858 in
1320 818 1505 859 Ericum
1538 830 1703 870 regem.

56 893 196 934 Addit.
230 893 327 943 ree.)

143 964 368 1006 MCXLII.
445 964 623 1004 Bellum
677 964 762 1004 fuit
808 964 924 1004 inter
971 964 1156 1004 Ericum
1206 964 1352 1004 Lamb
1400 968 1441 1004 et
1488 964 1705 1013 Glanum,
1733 971 1775 1002 10

58 1038 204 1079 filium
225 1037 429 1088 Haraldi,
461 1036 707 1077 duodecies
741 1037 785 1077 in
819 1049 942 1077 anno
974 1049 1081 1088 uno,
1114 1040 1155 1077 et
1180 1049 1361 1089 semper
1385 1036 1498 1088 fugit
1515 1036 1705 1077 OlauuS.

141 1109 406 1161 (MCXLIII.
469 1109 612 1150 Olaus
653 1109 820 1149 occidit
853 1109 1079 1150 Rikonem
1120 1109 1390 1162 episcopum
1424 1109 1626 1149 Roskild.
1660 1109 1706 1149 in

58 1183 266 1224 Ranlose.
313 1180 461 1223 Addit.
495 1182 593 1231 ree.)

147 1254 395 1296 MCXLIII.
459 1254 637 1296 Olauus
681 1254 804 1295 filius
848 1254 1037 1295 Haraldi
1082 1253 1346 1295 interfectus
1392 1258 1469 1295 est.
1533 1255 1707 1295 Eodem

56 1341 178 1370 anno
225 1328 476 1368 claustrum
515 1327 779 1367 Aluastrum
822 1328 868 1367 in
918 1327 1078 1367 Suecia
1120 1326 1364 1367 fundatum
1409 1331 1486 1368 est.
1550 1328 1615 1367 De
1656 1340 1707 1367 eo
1737 1336 1776 1367 15

57 1402 118 1442 ita
150 1401 313 1453 legitur
343 1400 390 1440 in
423 1399 539 1440 libro
570 1400 651 1440 ‘De
684 1400 885 1440 Exordio
919 1399 1223 1441 cistertiensis
1258 1399 1477 1441 Ordinis³z
1516 1401 1709 1441 »Volens

60 1478 245 1515 sanctus
279 1474 538 1513 Bernardus
571 1472 617 1512 in
658 1472 842 1526 populis
879 1472 1220 1527 aquilonarium
1254 1472 1468 1526 partium,
1516 1473 1631 1514 sicut
1669 1477 1710 1513 et

47 1533 103 1587 *in
137 1546 296 1587 ceteris
328 1545 554 1598 gentibus,
596 1545 798 1598 aliquem
830 1545 1029 1586 fructum
1065 1546 1247 1597 habere,
1290 1549 1468 1598 petente
1499 1546 1709 1598 religiosa

55 1620 225 1660 femina
282 1618 438 1670 regina
493 1618 652 1659 Suecie
708 1622 989 1658 conuentum
1046 1618 1237 1658 fratrum
1292 1618 1348 1657 ad
1403 1623 1554 1671 partes
1609 1619 1710 1659 illas

62 1692 238 1733 direxit.
288 1691 496 1745 Cumque
529 1691 747 1731 monachi
780 1695 821 1731 et
854 1690 1079 1741 conuersi,
1112 1690 1190 1745 qui
1223 1691 1279 1730 ad
1313 1691 1402 1730 hoc
1428 1691 1710 1731 denominati
1738 1701 1779 1731 20

56 1767 248 1816 fuerant,
302 1768 351 1804 ut
382 1763 651 1804 hominibus
682 1763 877 1803 rudibus
909 1767 951 1803 et
982 1763 1219 1803 indomitis
1251 1762 1446 1803 formam
1480 1763 1711 1815 religionis

57 1841 99 1877 et
143 1837 386 1890 discipline
432 1837 683 1887 traderent,
738 1835 882 1875 nimio
937 1848 1113 1876 merore
1160 1835 1437 1876 consternati
1484 1836 1710 1888 precibus,

58 1909 226 1962 quibus
275 1909 508 1961 valebant,
554 1912 759 1960 agerent,
807 1921 863 1948 ne
905 1908 1018 1948 tanti
1066 1908 1207 1961 patris
1253 1908 1479 1961 presentia
1527 1899 1709 1948 carituri

58 1983 114 2022 ad
162 1985 338 2022 exteras
387 1985 429 2021 et
461 1981 680 2021 barbaras
728 1980 1016 2020 mitterentur
1062 1980 1289 2032 regiones,
1337 1984 1522 2021 sanctus
1568 1980 1711 2020 abbas

57 2054 313 2107 respondit:
365 2054 513 2104 »Quid
558 2057 625 2094 est
664 2053 767 2103 hoc,
814 2052 1099 2093 dilectissimi
1146 2052 1319 2103 fratres,
1367 2054 1490 2105 quod
1537 2053 1711 2093 facitis‘?
1737 2063 1778 2094 25

147 2149 179 2184 1.
198 2149 296 2185 Ten.
320 2151 439 2184 erant
458 2148 504 2183 H.
566 2148 601 2183 2.
621 2147 798 2182 Daniam
818 2148 865 2182 H.
927 2147 1048 2182 3—4.
1076 2150 1114 2182 et
1139 2147 1296 2183 electus
1322 2151 1383 2182 est
1407 2147 1644 2192 Eschyldus
1663 2147 1709 2182 H.

62 2207 183 2242 6—7.
218 2217 350 2252 nepos
382 2206 472 2241 eius
498 2205 659 2248 Ericus,
691 2205 762 2250 qui
795 2207 1075 2250 cognomento
1102 2205 1202 2240 Lam
1235 2204 1467 2241 vocabatur
1492 2205 1537 2240 H.
1600 2205 1634 2240 8.
1667 2204 1708 2239 in

62 2263 203 2299 addidi
239 2261 297 2311 (in
330 2263 364 2298 H
399 2273 508 2298 man.
541 2262 624 2297 alia
656 2272 778 2298 eorl-,z
827 2262 951 2297 Erico
984 2259 1097 2309 regi).
1178 2262 1240 2298 10.
1276 2262 1376 2297 Lam
1410 2265 1448 2297 et
1480 2261 1628 2297 Olaum
1664 2262 1708 2297 H.

62 2321 124 2356 11.
170 2319 455 2356 xnes„Olaus
504 2320 550 2355 H.
637 2318 813 2355 12—13.
863 2318 949 2354 Hoc
994 2318 1318 2355 additamentum
1369 2329 1451 2354 non
1497 2317 1617 2353 habet
1664 2319 1709 2353 H.

65 2378 124 2413 14.
156 2377 284 2413 Olaus
317 2377 364 2413 H.
439 2380 501 2412 est
532 2387 610 2412 om.
644 2376 690 2412 H.
769 2377 830 2411 15.
864 2376 923 2412 De
955 2387 1040 2422 quo
1075 2377 1120 2411 H.
1198 2376 1523 2419 35‚16—38‚2:
1559 2374 1709 2411 Narra—

61 2434 209 2470 tionem
242 2437 386 2470 auctor
415 2435 559 2478 noster,
595 2434 638 2468 ut
667 2431 775 2478 solet,
810 2433 851 2468 in
878 2432 1039 2468 breuius
1064 2433 1225 2478 redeyit,
1261 2434 1440 2468 maxime
1465 2433 1505 2468 in
1531 2435 1708 2467 extrema

57 2493 185 2537 parte,
219 2491 287 2527 abi
317 2491 436 2527 etiam
470 2490 597 2526 multa
631 2490 826 2533 mutauit‚·
855 2490 1022 2536 plenam
1055 2490 1335 2526 narrationem
1365 2500 1413 2525 εκ
1439 2489 1620 2525 Distinet.
1647 2489 1708 2524 JV.

60 2559 145 2594 cap.
178 2548 342 2584 XXVIII
377 2547 460 2583 eius
492 2547 635 2593 operis,
683 2547 792 2592 qnod
830 2547 1074 2582 ‘Exordium
1120 2547 1312 2592 Magnum
1352 2547 1522 2583 Ordinis
1561 2546 1708 2581 Cister-

61 2606 223 2641 ciensis⁷
258 2604 504 2650 inscribitur,
552 2604 660 2650 quod
692 2604 733 2639 in
771 2603 877 2639 Tom.
912 2605 944 2640 1.
988 2603 1245 2640 Bibliothecoe
1274 2604 1443 2639 Patrnm
1481 2603 1710 2638 Cistereien-

61 2662 166 2698 sium
217 2661 464 2698 Bertrandas
513 2660 657 2696 Tissier
700 2672 812 2696 anno
862 2661 970 2696 1660
1017 2660 1243 2706 Bonofonte
1282 2660 1525 2706 publicauit,
1575 2661 1710 2695 Arnas

63 2718 273 2765 Maynaeus
306 2719 346 2755 in
379 2729 453 2754 sua
485 2718 607 2754 huius
634 2717 845 2753 Chronieae
873 2718 1045 2753 editione
1066 2729 1102 2763 ρ.
1133 2717 1323 2753 92-100
1353 2717 1552 2763 apposuit.
1588 2717 1711 2752 simul

62 2776 195 2812 codiee
236 2776 414 2823 quodam
455 2785 504 2810 ex
541 2773 776 2810 bibliotheca
810 2774 1000 2810 Electoris
1033 2774 1440 2820 Brandenbarqensis
1482 2784 1587 2810 usas.
1649 2774 1711 2808 Ex

63 2833 184 2869 Arnae
229 2835 265 2869 et
310 2833 436 2879 ipsius
479 2831 639 2867 Tissieri
683 2831 923 2867 editionibus
965 2832 1151 2877 quoedam
1199 2832 1252 2866 ad
1302 2833 1451 2867 textam
1502 2830 1711 2866 Chronicoe

63 2890 348 2935 corrigendum
402 2888 665 2935 pertinentia,
729 2889 857 2924 littera
904 2889 936 2924 Α
983 2890 1140 2928 notata,
1204 2888 1269 2923 lzie
1321 2887 1483 2933 adfero:
1537 2890 1708 2922 ceterum

63 2945 293 2984 notandum
346 2949 421 2991 est,
483 2946 523 2981 in
578 2945 757 2981 Exordio
812 2945 898 2990 ipso
951 2945 1132 2981 Aluastri
1186 2955 1333 2980 nomen
1397 2955 1479 2979 non
1534 2943 1708 2989 reperiri.

49 3003 128 3039 ⁴20.
161 3004 442 3049 cognominati
477 3002 504 3038 S
543 3001 641 3050 (non
678 3000 737 3049 H).
815 3002 877 3038 23.
911 3006 1038 3047 agunt
1071 3003 1116 3037 H.
1195 3003 1257 3037 25.
1297 3002 1527 3036 dulcissimi
1563 3001 1710 3035 fratres

65 3060 188 3103 codex
220 3059 473 3103 Brandenb.;
507 3058 624 3094 verba
658 3059 764 3101 Quid
799 3062 860 3093 est
881 3088 886 3093 .
906 3089 910 3094 .
931 3059 1065 3094 facitis
1098 3069 1175 3093 om.
1208 3059 1266 3093 ed.
1305 3058 1474 3093 Tissieri.

1463 3124 1506 3154 3ss
