2242 3551
373 970 413 1000 10

373 1331 413 1360 15

371 1732 415 1763 20

440 181 493 221 30
781 191 1054 220 SCRIPTORES
1087 190 1313 219 HISTORIAE
1346 190 1521 219 DANICAE
1553 191 1751 219 MINORES

440 307 577 346 letitia
618 310 659 346 et
699 305 974 345 exultatione
1007 306 1229 356 credatur,
1275 305 1322 345 in
1362 318 1453 358 quo
1492 305 1634 357 gratia
1673 305 1745 345 dei
1785 317 1930 359 usque
1969 305 2082 345 adeo

441 391 584 420 vacua
618 392 709 419 non
743 378 854 418 fuiti>
886 378 962 431 qui
995 378 1216 418 talentum
1250 378 1335 418 sibi
1363 377 1580 418 traditum
1606 381 1699 418 tam
1726 377 1910 430 copiose
1935 377 2084 417 multi-

440 451 628 504 plicauit
668 455 709 491 et
745 440 869 491 tanta
908 451 1033 491 lucra
1074 451 1224 491 retulit
1254 450 1443 491 domino
1477 452 1593 491 suo‘?
1640 473 1692 477 —
1740 450 2084 490 Consummatis

440 535 545 575 ergo
578 523 765 564 feliciter
797 523 885 564 vite
919 536 999 563 sue
1031 523 1193 564 diebus
1226 527 1267 563 et
1297 523 1430 563 annis
1462 522 1638 563 circiter
1675 522 1906 574 sexaginta
1938 522 2084 563 tribus

440 596 628 650 expletis
681 595 873 636 dilectus
927 596 1104 636 domini
1158 596 1439 647 Bernardus,
1501 594 1851 636 Clareuallensis
1905 595 2084 635 cenobii

439 669 615 722 primus
661 670 821 721 abbas,
868 669 1064 709 aliorum
1112 681 1294 722 quoque
1341 667 1540 721 amplius
1578 680 1715 720 quam
1761 671 1945 708 centum
1988 680 2084 707 sex-

439 742 589 793 aginta
624 742 1006 782 monasteriorum
1040 745 1180 794 pater,
1212 753 1301 781 xm.
1324 740 1418 780 Kal.
1439 740 1718 793 Septembris
1742 740 1859 780 inter
1884 740 2083 780 filiorum

442 827 605 855 manus
638 814 921 854 obdormiuit
952 814 998 854 in
1033 812 1226 854 Christo.
1290 813 1335 853 Si
1377 813 1479 867 quis
1512 816 1664 853 autem
1699 813 1813 853 scire
1845 812 2085 862 desiderat,

442 887 700 926 Bernardus
746 886 828 926 iste
875 887 961 926 deo
1008 885 1221 926 amabilis
1270 885 1531 937 Burgundie
1578 885 1804 938 partibus,
1865 884 2086 924 Fontanis

440 959 610 1012 oppido
658 959 798 1012 patris
845 959 915 999 sui
962 958 1186 999 oriundus
1234 958 1328 998 fuit.
1402 958 1534 998 Pater
1580 957 1677 997 eius
1723 957 1971 997 Tecesinus
2018 956 2086 997 vir

440 1031 626 1085 antique
666 1035 707 1071 et
746 1031 943 1082 legitime
988 1031 1145 1071 militie
1187 1031 1284 1083 fuit,
1331 1031 1477 1070 cultor
1523 1030 1595 1070 dei
1636 1034 1677 1070 et
1715 1029 1892 1070 iusticie
1930 1034 2085 1079 tenax,

442 1117 548 1144 nam
582 1103 814 1144 neminem
847 1104 1150 1155 concutiebat,
1194 1103 1366 1143 nemini
1407 1102 1601 1143 faciebat
1632 1102 1946 1155 calumpniam
1980 1115 2085 1142 con-

439 1180 591 1216 tentus
639 1176 876 1229 stipendiis
915 1177 1010 1216 suis
1050 1176 1313 1227 euangelica
1361 1175 1614 1216 secundum
1655 1175 1861 1216 instituta
1908 1187 2087 1228 precur-

441 1249 556 1289 soris
581 1249 771 1290 domini.
822 1250 964 1289 Mater
989 1249 1085 1289 eius
1104 1248 1278 1299 Aaleth,
1311 1247 1610 1301 apostolicam
1646 1247 1853 1288 similiter
1885 1247 2088 1299 regulam

440 1326 598 1362 tenens
633 1322 813 1362 subdita
848 1322 959 1372 viro,
992 1322 1248 1361 secundum
1280 1321 1491 1360 timorem
1525 1320 1701 1360 domini
1734 1321 1925 1361 domum
1956 1333 2086 1360 suam

440 1395 642 1446 regebat,
689 1394 906 1447 operibus
954 1393 1263 1434 misericordie
1310 1393 1545 1443 insistens,
1596 1392 1715 1433 filios
1762 1393 1995 1433 enutriens
2042 1393 2087 1432 in

440 1467 567 1506 omni
609 1467 864 1520 disciplina.
936 1466 1115 1519 Septem
1163 1465 1330 1505 liberos
1380 1465 1534 1517 genuit
1580 1478 1671 1505 non
1719 1469 1812 1506 tam
1860 1465 1957 1506 viro
2005 1478 2088 1505 suo

440 1552 579 1592 quam
606 1540 706 1591 deo,
739 1552 817 1580 sex
840 1551 1006 1591 mares,
1033 1538 1252 1579 feminam
1280 1551 1442 1587 unam,
1475 1551 1625 1578 mares
1648 1551 1809 1578 omnes
1836 1538 2089 1578 monachos

440 1611 632 1664 futuros,
665 1611 885 1652 feminam
919 1610 1316 1651 sanctimonialem
1349 1610 1593 1651 ordinauit.

780 1729 1051 1775 Epitaphium
1086 1728 1225 1763 Sancti
1259 1727 1474 1771 Bernardi,
1505 1727 1679 1763 Abbatis
1711 1728 1753 1763 C.

703 1820 823 1856 Clare
856 1823 953 1856 sunt
985 1819 1126 1864 valles,
1157 1819 1229 1855 sed
1262 1819 1388 1854 claris
1420 1818 1602 1854 vallibus
1635 1819 1765 1854 abbas

800 1889 956 1924 clarior
987 1889 1052 1923 his
1084 1888 1244 1923 clarum
1280 1898 1431 1923 nomen
1466 1888 1507 1923 in
1540 1887 1643 1923 orbe
1675 1887 1800 1924 dedit.

529 2009 647 2045 1—2.
680 2010 810 2055 gratia
844 2008 1110 2043 dei..vacua
1144 2018 1227 2042 non
1261 2006 1356 2042 fuit:
1392 2006 1572 2043 Corinth.
1607 2006 1635 2052 I,
1670 2006 1733 2051 15,
1755 2007 1815 2043 10.
1895 2007 1930 2043 2.
1963 2007 2089 2043 talen-

441 2069 526 2101 tum
568 2066 645 2101 sibi
680 2066 891 2109 traditum,
937 2063 1007 2109 cfr.
1043 2063 1179 2100 Matth.
1213 2064 1275 2108 25,
1298 2064 1346 2099 14
1364 2075 1447 2110 sqq.
1526 2065 1560 2100 9.
1602 2064 1775 2100 domino
1816 2064 2007 2100 amabilis
2041 2065 2087 2100 H.

445 2123 505 2158 10.
537 2123 787 2159 Tecessinus
820 2122 867 2167 S,
911 2122 1132 2157 Tecelinus
1167 2121 1227 2156 vel
1256 2121 1528 2156 Thesselinus
1562 2122 1604 2158 A.
1670 2122 1844 2157 12—14.
1878 2122 2087 2157 neminem

438 2180 706 2216 concutiebat
737 2183 833 2216 ete.:
865 2178 935 2224 cfr.
958 2179 1053 2215 Luc.
1080 2178 1198 2224 5214.
1263 2178 1325 2214 12.
1360 2178 1614 2214 calumniam
1651 2179 1740 2214 ΜΗ.
1805 2178 1867 2214 13.
1901 2179 2086 2224 Euange-

438 2236 583 2285 lista(!)
621 2237 666 2273 H.
745 2238 805 2273 14.
853 2237 970 2272 Aleth
1020 2237 1102 2271 HA.
1189 2236 1364 2274 14—15.
1414 2235 1929 2281 apostolicam..subdita
1976 2236 2086 2272 viro:

439 2293 508 2340 cfr.
543 2294 685 2340 Ephes.
717 2295 752 2340 5,
774 2294 834 2330 22.
913 2294 1090 2329 16—17.
1129 2293 1170 2328 in
1212 2293 1326 2327 omni
1366 2292 1552 2328 timore
1585 2296 1631 2329 et
1662 2293 1885 2340 disciplina
1919 2293 1971 2338 H,
2020 2294 2089 2329 sed

439 2350 510 2396 cfr.
546 2351 687 2397 Ephes.
723 2352 758 2396 6,
779 2351 811 2387 4.
887 2351 947 2387 18.
980 2361 1106 2397 quam
1140 2349 1311 2384 domino
1346 2349 1391 2385 H.
1466 2351 1526 2385 19.
1560 2354 1747 2386 sanctam
1782 2350 2006 2386 monialem
2041 2351 2087 2394 H,

440 2410 475 2444 et
516 2410 608 2454 post
652 2408 754 2452 hoec,
800 2408 977 2454 paruulo
1023 2407 1153 2453 spatio
1198 2406 1415 2451 interiecto,
1463 2408 1662 2453 sequitur:
1723 2407 2085 2443 sanctimonialem

440 2466 674 2509 ordinauit3
731 2465 838 2501 hanc
885 2476 1021 2501 veram
1068 2463 1278 2508 archetypi
1322 2463 1565 2509 scripturam
1612 2463 1738 2510 fuisse
1783 2464 1920 2509 credo,
1969 2463 2087 2500 verba

440 2524 573 2558 autem
607 2526 792 2558 sanctam
825 2522 1049 2558 monialem
1084 2521 1124 2556 in
1158 2520 1240 2555 imo
1269 2519 1368 2565 folio
1398 2521 1525 2566 primi
1556 2521 1835 2567 quaternionis
1865 2521 2086 2557 secundum

442 2590 593 2614 morem
642 2579 804 2615 solitum
852 2579 1037 2625 apposita
1083 2577 1218 2623 fuisse,
1275 2579 1317 2611 ut
1363 2578 1578 2613 transitum
1626 2579 1678 2614 ad
1723 2579 1895 2614 alterum
1942 2578 2087 2613 codicis

441 2636 748 2682 quaternionem
794 2636 1093 2682 siqnficarcnst
1140 2634 1168 2670 S
1218 2633 1303 2669 hoec
1348 2634 1427 2669 duo
1474 2634 1593 2670 verba
1640 2635 1775 2670 omisit
1817 2638 1855 2670 ct
1899 2639 2086 2670 sanctam

443 2693 664 2728 monialem
690 2695 847 2729 tantum
871 2692 1007 2736 habet,
1039 2691 1253 2727 ordinauit
1279 2701 1358 2727 om.
1386 2691 1444 2735 M,
1478 2691 1517 2726 in
1544 2693 1576 2727 A
1599 2695 1671 2728 est:
1706 2692 2086 2727 sanctimonialem:

441 2751 518 2785 deo
546 2761 739 2796 namque,
772 2761 853 2785 non
880 2750 1034 2791 seculo,
1066 2759 1269 2794 generans
1296 2748 1494 2793 singulos,
1528 2760 1623 2784 mox
1647 2753 1690 2784 ut
1712 2753 1857 2795 partus
1890 2749 2088 2792 ediderat,

441 2808 529 2853 ipsa
558 2807 752 2842 manibus
781 2808 964 2854 propriis
998 2807 1088 2841 deo
1122 2805 1398 2840 offerebat.
1461 2805 1523 2841 20.
1557 2806 1598 2842 C.
1628 2806 1666 2854 (i.
1691 2816 1720 2842 e.
1753 2804 2088 2852 Clarevallensis)

441 2875 518 2900 om.
555 2865 604 2900 M.
681 2865 744 2899 21.
780 2863 1042 2909 Epitaphium
1090 2862 1165 2897 hoc
1203 2861 1362 2897 Adamo
1410 2861 1609 2898 Victorino
1657 2862 1847 2899 tribuitur
1893 2862 1932 2897 in
1980 2862 2086 2898 Actis

440 2920 695 2965 Sanctorum,
730 2920 798 2956 ubi
823 2932 861 2966 ρ.
895 2920 973 2956 223
991 2919 1061 2955 ΑΒ
1091 2919 1239 2954 citatur
1268 2918 1309 2953 in
1341 2918 1479 2953 eadem
1512 2918 1661 2968 forma,
1702 2930 1825 2965 quam
1858 2919 1923 2954 hic
1954 2918 2084 2963 habet,

443 2977 520 3013 nisi
551 2977 659 3023 quod
691 2978 731 3013 in
766 2988 879 3013 versu
912 2979 1055 3023 quarto
1088 2976 1226 3011 clarus
1259 2977 1298 3010 et
1327 2985 1403 3020 pro
1436 2977 1586 3012 claruit
1617 2976 1814 3012 scribitur.
