2242 3551
290 866 365 898 Fol.
380 862 451 897 17V.

410 937 450 968 10

410 1352 450 1383 15

410 1719 452 1749 20

411 2086 452 2116 25

411 2663 454 2693 30

480 149 559 188 184
822 159 1097 188 SCRIPTORES
1130 158 1358 187 HISTORIAE
1390 158 1568 186 DANICAE
1600 158 1799 187 MrNOREs

477 274 581 314 tatis
619 274 822 314 condens
863 274 1060 324 elogium
1104 273 1150 313 in
1190 276 1463 313 testamento
1504 272 1805 326 relinquenda
1848 273 2131 326 conscripsit,

478 348 566 388 hoc
598 353 752 387 tenore
785 345 1133 397 confirmamus,
1174 349 1235 397 ut,
1275 346 1399 400 quod
1433 345 1659 398 prefatum
1696 345 1879 385 fratrem
1914 349 1955 385 et
1986 346 2132 398 coepi-

477 432 671 473 scopum
719 423 929 459 nostrum
978 418 1241 459 Suenonem
1287 418 1385 458 iure
1433 418 1653 470 contingit
1700 418 1996 470 hereditario,
2055 422 2134 458 aut

476 493 596 533 iusto
643 492 796 545 precio
844 491 1147 544 comparaujt,
1199 492 1455 532 secundum
1502 489 1763 531 testamenti
1810 490 1879 530 sui
1926 495 2132 531 tenorem

477 569 630 606 nostre
692 564 975 605 auctoritatis
1038 564 1371 604 confirmamus
1433 563 1718 615 testimonio,
1780 567 1828 602 ut
1889 563 2134 605 cuiuslibet

477 638 740 691 calumpnie
782 638 851 690 ujs
889 638 1061 691 expiret
1093 637 1302 678 extincta.
1365 637 1421 676 Vt
1463 648 1568 688 ergo
1610 635 1749 676 huius
1788 636 2051 677 donationis
2093 641 2134 678 et

476 715 631 752 nostre
663 710 1030 752 confirmationis
1064 710 1202 751 series
1235 713 1503 763 perpetuata
1536 709 1769 760 consistat,
1817 708 1952 760 sigilli
1990 710 2132 750 nostri

476 784 740 825 testimonio
766 783 1113 824 confirmamus.
1163 783 1440 836 Quicunque
1468 782 1608 822 huius
1632 782 1971 823 testamentarie
1995 783 2134 823 dona-

478 857 616 898 tionis
664 870 743 897 seu
791 861 943 897 nostre
990 854 1000 909 Γ
1047 856 1415 896 confirmationis
1469 855 1739 895 temerarius
1794 854 1991 895 uiolator
2036 855 2134 896 siue

478 942 729 970 concussor
762 929 969 981 extiterit,
1002 929 1271 970 auctoritate
1303 929 1376 969 dei
1406 928 1546 982 patris
1573 931 1615 968 et
1639 927 1759 968 beati
1778 927 1899 968 Petri
1923 928 2134 981 apostoli,

478 1002 609 1043 cuius
658 1002 757 1042 uice
804 1002 1063 1054 fungimur,
1122 1002 1211 1042 nisi
1258 1001 1519 1054 resipuerit,
1576 1004 1794 1053 perpetuo
1841 1001 2134 1042 anathemate

477 1075 772 1116 innodamus.

577 1163 704 1241 Hec
751 1199 1001 1252 prescripta
1050 1198 1290 1252 priuilegia
1333 1199 1534 1238 domnus
1578 1198 1729 1238 Sueno
1772 1197 2016 1250 episcopus
2056 1197 2134 1238 diu

478 1275 581 1312 ante
615 1275 810 1312 mortem
843 1285 974 1312 suam
1009 1271 1269 1325 acquisiujt,
1303 1274 1357 1322 et,
1392 1275 1439 1310 ut
1471 1284 1521 1311 ea
1548 1270 1753 1324 optinere
1778 1274 1945 1323 posset,
1979 1270 2136 1310 multis

478 1344 866 1397 postulationibus
905 1349 946 1384 et
988 1344 1167 1396 magnis
1209 1344 1477 1384 muneribvs
1517 1354 1668 1395 regem
1711 1343 1866 1396 sepius
1910 1343 2133 1396 placabat.

480 1417 602 1457 Misit
642 1417 779 1457 etiam
819 1418 1015 1457 Romam
1056 1418 1197 1458 semel
1241 1421 1282 1456 et
1323 1418 1527 1457 secundo
1567 1416 1746 1469 magnis
1793 1416 2055 1469 sumptibus
2096 1419 2136 1456 et

479 1490 704 1543 expensis,
746 1493 787 1529 et
820 1490 950 1542 plura
985 1490 1223 1543 priuilegia
1257 1489 1468 1543 optinuit,
1516 1502 1609 1529 non
1643 1490 1794 1530 solum
1828 1489 1882 1529 de
1915 1488 2001 1540 his,
2048 1501 2136 1541 que

478 1563 575 1616 ipse
622 1563 766 1614 dedit,
825 1563 902 1603 sed
953 1566 994 1603 et
1040 1565 1095 1604 de
1143 1563 1319 1603 cunctis
1368 1562 1741 1615 possessionibus
1787 1561 1974 1603 claustri
2021 1561 2137 1601 iuste

479 1635 716 1690 acquisitis
748 1636 820 1676 uel
854 1636 1169 1690 acquirendis,
1211 1649 1299 1690 que
1332 1635 1440 1689 quia
1472 1635 1608 1686 longo
1641 1638 1846 1687 tempore
1880 1634 1977 1674 sine
2009 1647 2132 1674 reno

480 1709 665 1749 uatione
698 1713 891 1761 possunt
924 1709 1158 1761 custodiri,
1202 1722 1291 1749 non
1336 1721 1385 1748 ea
1427 1707 1739 1748 iudicauimus
1771 1707 1847 1747 hic
1878 1706 2133 1747 inserenda.

480 1783 691 1833 Quedam
723 1789 878 1822 tamen
913 1783 1131 1823 uolumus
1165 1782 1239 1822 hic
1271 1782 1484 1832 inserere,
1530 1785 1592 1831 ut,
1632 1793 1736 1821 cum
1771 1792 1955 1821 necesse
1987 1779 2134 1830 fuerit,

479 1856 536 1895 ad
571 1868 762 1895 manum
796 1856 886 1895 sint
916 1855 1218 1908 inspicienda,
1252 1859 1293 1895 et
1325 1853 1549 1894 memoria
1582 1853 1785 1894 defuncti
1817 1854 1903 1893 deo
1936 1852 2135 1892 uiuentis

479 1928 525 1968 in
573 1928 790 1968 cordibus
838 1928 1048 1969 omnium
1090 1941 1271 1981 semper
1312 1927 1535 1967 innouata
1577 1927 1821 1967 dulcescat.
1886 1925 2137 1978 Scripserat

480 2011 584 2052 ergo
617 2000 867 2053 aliquando
910 2001 1101 2041 domino
1142 1999 1394 2054 apostolico
1428 2000 1703 2051 Alexandro,
1750 2012 1946 2052 querens
1985 1998 2042 2038 ab
2083 2010 2134 2037 eo

479 2086 617 2126 super
662 2073 993 2126 inquietatione
1041 2073 1341 2124 decimarum,
1393 2085 1507 2126 quas
1555 2072 1744 2126 quidam
1793 2072 2065 2125 expetebant
2109 2083 2133 2110 a

481 2145 737 2197 monachis,
770 2150 812 2186 et
843 2146 930 2186 tale
963 2146 1235 2199 rescriptum
1270 2146 1328 2186 ab
1362 2159 1414 2186 eo
1447 2145 1636 2198 recepit:

1179 2317 1275 2363 Cap.
1309 2317 1445 2353 XXIX.

558 2398 821 2444 Rescriptum
856 2398 1016 2433 domini
1050 2408 1157 2444 pape
1190 2397 1413 2433 Alexandri
1446 2398 1497 2433 ad
1532 2398 1767 2433 Suenonem
1803 2398 2061 2444 episcopum.

575 2468 863 2546 Alexander
910 2502 1174 2556 episcopus,
1232 2515 1392 2542 seruus
1440 2515 1681 2543 seruorum
1728 2502 1822 2556 dej,
1880 2501 2132 2542 uenerabili

481 2576 607 2616 fratri
626 2575 830 2617 Suenoni
849 2575 1083 2615 Arusiensi
1117 2575 1333 2627 episcopo
1367 2575 1561 2615 salutem
1595 2578 1637 2615 et
1667 2574 1969 2627 apostolicam
2003 2575 2133 2615 bene-

481 2648 744 2689 dictionem.
794 2648 909 2689 Cum
942 2651 1020 2687 tua
1053 2660 1138 2688 nos
1171 2647 1429 2687 fraternitas
1462 2647 1756 2696 consuluerit,
1794 2651 1947 2687 utrum
1974 2646 2132 2687 fratres

418 2769 423 2772 μ
483 2720 795 2761 Cisterciensis
834 2720 1010 2761 ordinis
1048 2720 1363 2760 sacerdotibus
1405 2720 1476 2760 uel
1510 2720 1607 2772 alijs
1642 2719 1816 2760 clericis
1849 2719 2133 2760 secularibus

482 2792 683 2833 decimas
732 2793 910 2833 soluere
956 2796 1210 2843 teneantur,
1261 2805 1398 2845 super
1443 2793 1533 2832 hoc
1577 2796 1653 2832 tue
1700 2792 1940 2845 prudentie
1986 2791 2133 2832 taliter

482 2866 831 2918 respondemus,
875 2865 999 2919 quod
1032 2877 1057 2904 a
1090 2864 1317 2905 solutione
1350 2865 1636 2905 decimarum
1668 2865 1723 2905 de
1755 2863 1993 2905 laboribus
2024 2863 2132 2913 suis,

572 2974 633 3009 16.
666 2974 789 3009 etiam
822 2985 947 3020 supra
981 2985 1013 3010 v.
1046 2974 1138 3010 add.
1175 2985 1226 3009 m.
1263 2975 1283 3010 1
1318 2974 1363 3018 C,
1411 2975 1503 3010 item
1538 2975 1599 3010 24.
1635 2974 1873 3020 aliquando.
1952 2974 2013 3009 20.
2049 2983 2130 3008 non

483 3042 528 3066 ea
564 3031 616 3076 C,
649 3031 791 3067 malim
826 3042 908 3067 non
942 3036 1064 3067 omia.
1130 3032 1192 3067 30.
1225 3031 1404 3068 finitatis
1439 3032 1483 3068 C.
