2242 3551
455 249 689 277 Exonoivni
724 249 1001 277 Momsrfflffl
1035 248 1163 276 CARAE
1196 248 1368 276 INSVLAE
1493 272 1496 276 .
1659 239 1734 278 231

89 368 339 408 conuentus
392 378 445 405 ex
500 362 657 404 auimo
712 362 1031 413 condolentes,
1094 376 1228 403 aures
1284 366 1433 403 uestre
1488 363 1741 404 sanctitatis

88 437 384 494 querimonijs
427 435 793 477 lacrimabilihus
831 439 872 476 et
912 435 1080 476 nostris
1122 448 1267 490 usque
1308 437 1365 476 ad
1406 436 1491 477 hec
1533 440 1738 489 tempora

89 510 290 566 partibus
336 508 555 550 inauditis
603 507 929 562 compellimur
975 520 1179 549 onerare.
1255 507 1491 562 Siquidem
1541 509 1740 562 predicte

88 582 281 625 ciuitatis
323 582 583 636 episcopus,
630 594 737 622 cum
777 580 1023 635 specialius
1063 581 1122 622 ob
1162 581 1356 633 gratiam
1397 582 1443 622 in
1485 595 1531 622 se
1573 582 1739 623 factam

88 657 238 698 sedem
270 659 448 696 tenetur
480 654 780 708 apostolicam
807 655 1073 695 uenerando
1102 654 1314 707 reuereri,
1348 654 1530 696 uidetur
1555 654 1741 708 speciali

88 728 244 782 (immo
268 725 505 782 singulari)
534 727 737 781 quadam
761 726 1044 779 malignitate
1067 730 1217 768 uestre
1240 728 1459 780 derogare
1482 727 1739 768 auctoritati

89 806 129 843 et
150 805 464 855 contemptum
492 812 624 853 agere
650 799 858 841 bonitati.
893 800 1013 840 Nam
1031 799 1422 853 appellationibus
1439 801 1497 841 ad
1515 800 1739 841 auxilium

88 874 396 916 misericordie
428 878 578 915 uestre
611 872 741 914 factis
774 872 1050 926 dedignatur
1082 872 1272 924 deferre,
1320 877 1360 913 et
1395 873 1738 927 priuilegiorum

89 951 342 989 uestrorum
390 946 644 988 adnichilat
692 945 994 986 munimenta.
1059 946 1213 988 Preter
1252 959 1303 987 ea
1343 959 1544 1000 namque
1584 958 1742 999 graua-

89 1021 224 1072 mina,
271 1033 358 1073 que
391 1019 704 1074 appellationi,
747 1032 887 1073 quam
922 1019 1155 1073 predictus
1187 1019 1333 1060 abbas
1365 1019 1474 1060 satis
1507 1019 1743 1061 euidenter

89 1093 354 1147 compulsus
393 1092 547 1144 edidit,
595 1093 763 1133 inserta
808 1096 927 1144 sunt,
974 1092 1110 1132 nouis
1158 1092 1263 1133 item
1314 1092 1741 1134 machinationibus

87 1166 237 1220 ipsum
277 1166 491 1207 abbatem
534 1170 575 1206 et
616 1166 873 1206 monachos
913 1165 986 1206 uel
1028 1178 1282 1207 conuersos
1315 1179 1424 1207 suos
1459 1170 1742 1207 memoratus

88 1239 302 1280 dominus
334 1239 579 1293 episcopus
603 1238 763 1280 litteris
789 1239 885 1279 suis
910 1239 965 1279 ad
994 1238 1160 1292 placita
1188 1242 1229 1279 et
1253 1239 1459 1280 forenses
1485 1243 1741 1280 conuentus

88 1316 266 1364 euocat,
320 1311 544 1353 familiam
600 1312 807 1365 ipsorum
856 1315 1042 1365 propter
1088 1311 1406 1353 detencionem
1455 1312 1739 1353 decimarum

87 1385 313 1426 interdicit
350 1390 391 1426 et
435 1384 820 1436 excommunicat,
868 1388 911 1425 et
949 1384 1284 1425 nichilominus
1325 1385 1389 1426 sic
1436 1386 1743 1426 sentenciatos

89 1471 165 1512 per
196 1458 452 1512 prepositos
484 1463 525 1499 et
557 1458 780 1499 officiales
813 1471 921 1499 suos
954 1457 1186 1499 continuis
1225 1457 1522 1499 citationibus
1555 1460 1610 1500 ad
1646 1460 1742 1499 fora

88 1531 266 1572 diuersa
299 1531 490 1572 uentilat
521 1536 564 1571 et
595 1531 802 1585 impellit,
836 1535 877 1571 et
903 1544 983 1584 per
1012 1532 1102 1572 hoc
1135 1531 1286 1572 solum
1319 1531 1667 1574 absolucionem
1703 1537 1743 1573 et

88 1603 283 1658 quietem
316 1617 393 1645 eos
425 1605 632 1646 obtinere
664 1604 927 1656 denunciat,
971 1604 1007 1645 si
1039 1604 1113 1645 die
1147 1604 1219 1645 uel
1251 1604 1463 1657 termino,
1508 1618 1645 1659 quem
1680 1605 1743 1646 eis

89 1677 327 1730 prefixerit,
359 1678 629 1719 recesserint
660 1691 685 1718 a
712 1677 908 1719 seruicio
933 1678 1295 1727 monachorum3
1329 1690 1579 1719 conuersos
1605 1679 1742 1719 etiam

87 1751 142 1790 ad
182 1763 313 1791 suam
355 1751 640 1804 presenciam
683 1750 822 1791 simili
863 1751 1001 1791 modo
1042 1750 1203 1791 citatos
1246 1764 1328 1804 pro
1370 1751 1538 1804 quouis
1577 1752 1776 1793 delicto‘

90 1823 159 1864 uel
200 1823 374 1864 offensa
414 1823 547 1877 punit
585 1837 701 1877 pena
745 1823 1010 1877 pecuniaria
1052 1823 1170 1864 sicut
1216 1824 1331 1865 alios
1374 1825 1617 1874 seculares,
1664 1825 1742 1879 qui

89 1900 193 1937 sunt
231 1897 286 1937 de
324 1897 510 1951 proprio
550 1910 633 1938 suo
674 1897 786 1938 foro.
853 1897 907 1937 Et
947 1909 1052 1937 cum
1094 1901 1245 1938 uestra
1284 1897 1428 1950 pietas
1470 1897 1740 1949 religionem

88 1968 247 2010 fouens
279 1970 493 2021 sanxerit,
526 1983 618 2021 eos,
651 1970 729 2023 qui
762 1970 806 2010 in
842 1970 1126 2010 monachum
1161 1970 1234 2011 uel
1266 1983 1546 2011 conuersum
1574 1983 1743 2011 manus

90 2042 311 2084 uiolentas
344 2043 596 2095 iniecerint,
629 2042 1057 2084 excommunicatos
1090 2043 1190 2097 ipso
1224 2043 1358 2095 facto,
1391 2047 1433 2083 et
1457 2044 1581 2096 quod
1607 2044 1744 2084 eccle-

89 2115 259 2157 siarum
298 2116 459 2170 prelati
500 2116 704 2157 candelis
744 2115 951 2157 accensis
990 2116 1418 2157 excommunicatos
1452 2128 1527 2156 eos
1561 2116 1809 2169 publice.‘‹⁷

89 2189 365 2230 denunciare
397 2189 607 2237 debeant7
652 2189 884 2243 predictus
923 2189 1140 2230 dominus
1184 2190 1428 2243 episcopus
1462 2188 1575 2229 alias
1608 2189 1743 2241 digne

90 2261 446 2314 sentenciandos,
479 2263 516 2302 si
550 2275 771 2316 personas
803 2262 922 2302 dicte
955 2262 1123 2303 domus
1156 2262 1458 2315 spoliauerint
1486 2266 1565 2302 aut
1589 2262 1743 2302 uerbe-

90 2335 302 2386 rauerint,
349 2335 666 2376 absolucionis
708 2335 964 2376 remedium
1000 2335 1223 2388 promittit
1255 2348 1279 2375 a
1315 2348 1361 2375 se
1393 2335 1615 2376 continuo
1650 2348 1744 2387 per-

91 2411 313 2460 cepturos,
361 2408 493 2461 quasi
532 2409 621 2448 hoc
659 2421 752 2449 non
792 2408 848 2448 sit
880 2408 1262 2461 preuaricationis
1301 2412 1617 2460 augmentum,
1664 2409 1741 2448 sed

92 2480 248 2532 pocius
281 2481 353 2534 pie
387 2480 676 2522 contritionis
709 2486 749 2522 et
783 2481 1008 2532 condigne
1043 2480 1369 2521 satisfactionis
1399 2480 1590 2521 euidens
1615 2493 1743 2533 argu-

91 2557 308 2594 mentum.
359 2554 489 2594 Vnde
523 2558 564 2593 et
596 2554 794 2607 exempli
827 2566 966 2594 causa
1000 2555 1234 2608 quendam
1268 2554 1550 2594 monachum
1588 2567 1744 2607 supra—

91 2625 251 2679 scripte
290 2627 458 2668 domus
500 2631 542 2667 et
581 2627 879 2677 sacerdotem,
928 2626 1097 2667 Scalmi
1138 2626 1340 2677 nomine,
1388 2626 1434 2666 in
1476 2626 1589 2667 festo
1623 2627 1742 2667 beati

92 2697 231 2739 Marci
262 2712 392 2753 pape,
426 2700 548 2753 quod
584 2699 738 2740 euenit
764 2699 836 2740 die
862 2699 1110 2751 dominica,
1145 2703 1185 2739 et
1218 2699 1262 2738 in
1298 2687 1743 2740 cimiterio'ecelesie

91 2770 144 2811 de
192 2773 449 2823 Rozmosae,
511 2784 616 2812 cum
674 2772 804 2813 cuius
862 2772 1111 2813 donatione
1166 2771 1285 2813 dicta
1335 2772 1504 2812 domus
1552 2771 1743 2812 fundata

91 2844 292 2885 noscitur
331 2844 388 2885 ab
428 2845 581 2896 inicio,
629 2858 708 2898 per
746 2845 993 2886 satellitum
1042 2858 1233 2885 suorum
1283 2848 1505 2884 armatam
1551 2857 1742 2885 manum

176 3011 210 3047 5.
243 3013 383 3058 aptica
417 3011 481 3055 CS,
519 3024 619 3048 corr.
652 3011 879 3059 Lanyebelc.
955 3014 990 3049 8.
1025 3013 1188 3049 deferre
1213 3026 1256 3043 z
1279 3012 1467 3047 debitum
1502 3015 1741 3058 respectum

93 3068 289 3112 praebere.
369 3070 429 3105 17.
478 3070 725 3106 uentilat:
754 3070 1014 3116 circumagit.
1099 3070 1162 3104 27.
1211 3068 1535 3105 sentenciandos
1582 3069 1743 3115 Scripsi,

93 3126 324 3163 sentencias
357 3125 420 3164 CS.
484 3128 547 3163 35.
581 3130 741 3163 armata
775 3133 900 3163 manu
927 3125 991 3163 CS.

1765 1027 1803 1057 lo

1774 1391 1812 1422 15

1770 2489 1811 2518 :w

1770 2853 1811 2882 35
