2242 3551
435 1010 477 1041 10

436 1375 477 1405 15

504 221 591 260 464
849 231 1127 260 SCRIPTORES
1160 232 1390 262 HISTORIAE
1421 232 1601 261 DANICAE
1632 233 1833 263 M1NoREs

505 359 602 398 sue,
634 345 822 386 remotis
854 345 1092 399 altaribus,
1125 350 1392 388 construere
1425 360 1518 387 non
1552 351 1758 398 ueretur;
1796 348 1937 389 habet
1967 362 2172 403 namque

507 420 765 459 humanam
798 431 1000 468 carnem,
1033 419 1269 460 nimietate
1301 419 1584 460 crudelitatis
1617 433 1697 461 sue
1730 425 1993 474 mactatam,
2028 422 2173 463 abun-

505 496 667 534 danter
705 504 917 544 coquere,
964 491 1072 544 quia
1119 496 1327 545 repertus
1374 505 1467 533 non
1513 497 1592 545 est,
1639 493 1719 546 qui
1760 498 2028 535 sanctorum
2067 508 2171 536 san-

505 565 705 617 guinem,
731 563 810 617 qui
835 563 881 603 in
906 563 1101 605 circuitu
1122 564 1411 605 Hierusalem
1441 565 1616 606 effusus
1635 569 1714 617 est,
1739 566 1962 620 sepeliret.
2002 567 2173 608 Audiat

507 636 736 690 siquidem
769 636 896 677 orbis
928 640 1155 677 terrarum
1190 641 1232 677 et
1264 637 1485 689 uniuersi,
1532 638 1611 691 qui
1644 638 1856 679 habitant
1886 639 1934 679 in
1967 653 2034 692 eo,
2075 641 2171 694 qui-

505 723 593 764 que
639 709 862 761 terrigene
909 713 952 750 et
998 709 1080 750 filii
1127 710 1376 751 hominum
1424 711 1565 751 simul
1618 710 1664 751 in
1720 724 1889 763 unum,
1951 712 2083 754 diues
2129 717 2173 754 et

504 795 693 836 pauper,
740 782 946 834 audiant,
994 786 1037 822 et
1077 782 1228 823 uicem
1261 783 1432 824 Christi
1475 784 1663 824 doleant
1703 788 1745 824 et
1786 784 2083 826 meminerint
2123 799 2171 827 se

505 855 733 896 debitores
766 855 1099 909 redemptionis
1132 869 1226 908 sue,
1261 869 1345 896 nec
1378 857 1612 910 patiantur
1638 856 1858 897 iniuriam
1878 857 2048 898 Christi
2074 858 2171 899 fore

505 928 679 968 diutius
710 928 922 969 inultam.
972 928 1029 968 Et
1060 928 1138 981 qui
1172 941 1219 969 se
1253 942 1335 982 pro
1369 929 1503 969 nobis
1536 929 1817 969 redimendis
1850 929 2172 972 incunctanter

505 1001 629 1042 dedit
660 1001 707 1041 in
741 1005 951 1049 mortem,
985 1005 1182 1041 mortem
1214 1005 1367 1041 autem
1403 1001 1567 1054 crucis,
1601 1014 1687 1042 nos
1720 1015 1853 1043 uersa
1886 1003 1987 1043 uice
2015 1003 2170 1056 ipsum

506 1087 736 1126 ponamus
761 1074 1040 1126 exemplum,
1074 1087 1156 1126 pro
1175 1074 1358 1115 Christo
1383 1074 1591 1115 animam
1617 1075 1726 1115 dare
1756 1088 1848 1115 non
1881 1075 2169 1127 dubitemus3

506 1146 626 1199 quia,
667 1147 747 1200 qui
780 1146 1106 1199 preciosioem
1141 1146 1250 1187 facit
1281 1147 1488 1187 animam
1521 1159 1655 1187 suam
1689 1147 1884 1200 Christo,
1930 1148 2165 1189 Christum

505 1232 598 1260 non
632 1223 872 1259 meretu1·.«

593 1293 689 1333 Hec
742 1296 784 1332 et
839 1292 928 1332 alia
975 1292 1323 1346 quamplurima
1371 1293 1539 1345 pagina
1587 1293 1853 1334 continebat
1898 1295 2166 1347 apostolica,

506 1366 754 1406 exhortans
788 1364 1009 1416 singulos,
1042 1365 1310 1406 confortans
1342 1365 1601 1406 uniuersos.
1655 1366 1791 1406 Nunc
1822 1370 1976 1407 autem
2010 1368 2067 1407 ad
2101 1380 2167 1420 ea,

506 1451 594 1491 que
635 1438 682 1478 in
717 1438 859 1478 Dacia
899 1451 1037 1491 super
1076 1438 1166 1478 hoc
1202 1436 1527 1491 lachrymabili
1560 1438 1743 1490 negotio
1775 1443 1898 1491 gesta
1931 1439 2166 1489 nouimus,

506 1514 743 1551 uertamus
775 1510 1036 1551 articulum.

506 1674 642 1720 Caput
675 1674 758 1710 IV.:
791 1673 912 1717 Quod
947 1682 1085 1719 regem
1117 1674 1333 1709 Danorum
1364 1674 1589 1718 Kanutum,
1622 1674 1806 1710 Othonie
1838 1685 1933 1711 cum
1967 1675 2167 1712 omnibus

507 1731 718 1779 episcopis
761 1734 800 1767 et
840 1731 955 1777 regni
997 1731 1264 1777 principibus
1303 1732 1465 1767 curiam
1506 1734 1731 1776 tenentem,
1780 1732 1831 1768 de
1878 1733 2167 1769 destructione

627 1787 738 1824 terre
772 1788 1158 1834 Hierosolymitane
1190 1788 1453 1824 lamentabili
1485 1789 1633 1825 dolore
1665 1800 1813 1825 rumor
1844 1790 2043 1826 affecerit.

604 1859 729 1936 Rex
771 1893 1008 1933 Danorum
1057 1892 1247 1933 illustris
1288 1897 1330 1933 et
1376 1893 1560 1946 nobilis,
1609 1894 1834 1946 Kanutus,
1881 1894 2167 1935 Waldemari

505 1966 622 2017 regis
683 1966 828 2018 filius,
891 1966 1093 2006 Othonie
1153 1966 1430 2006 constitutus
1492 1966 1611 2007 circa
1677 1967 1941 2007 Natiuitatis
1998 1967 2167 2008 Christi

506 2039 844 2079 solemnitatem
884 2038 1060 2079 curiam
1103 2042 1458 2090 conuocauerat,
1508 2040 1736 2079 mandans
1775 2040 1994 2080 omnibus
2040 2039 2168 2092 regni

506 2111 575 2151 sui
616 2111 918 2164 principibus,
967 2111 1196 2164 episcopis
1237 2111 1451 2151 uidelicet
1490 2115 1532 2151 et
1570 2111 1850 2152 officialibus
1891 2116 1933 2153 et
1971 2112 2168 2165 pruden-

504 2183 699 2224 tioribus
754 2184 953 2235 cunctis,
1014 2185 1071 2224 ad
1130 2183 1385 2236 predictam
1442 2183 1677 2224 ciuitatem
1739 2184 1867 2224 omni
1923 2184 2167 2225 occasione

505 2257 725 2309 omnique
765 2270 896 2297 mora
936 2256 1151 2297 submota
1195 2256 1457 2307 conuenire,
1504 2256 1619 2297 forte
1659 2257 1715 2297 de
1758 2270 1949 2297 suorum
1989 2256 2165 2310 aliquid

507 2329 794 2380 negotiorum
819 2333 981 2370 acturu
1036 2328 1422 2382 occupationibus
1454 2328 1516 2379 (—
1546 2328 1654 2382 quia
1680 2342 1914 2382 nusquam
1937 2333 2164 2368 terrarum

506 2401 628 2441 mala
660 2401 895 2452 deficiunt⁷
937 2415 1026 2455 que
1059 2402 1319 2452 molestant,
1360 2401 1505 2442 immo
1538 2414 1733 2454 semper,
1772 2401 1860 2441 nisi
1894 2401 2164 2453 euellantur,

505 2477 803 2514 succrescunt
829 2474 913 2526 —):
947 2487 1054 2514 cum
1089 2486 1192 2514 ecce
1224 2478 1409 2526 repente
1442 2473 1777 2526 superueniunt
1808 2473 1967 2514 nuncii
1999 2486 2025 2513 a
2058 2474 2165 2514 sede

594 2584 627 2619 1.
669 2584 796 2619 habet
833 2581 882 2628 Ο,
927 2584 996 2619 sed
1041 2584 1166 2619 havet
1210 2584 1273 2628 (Ξ
1297 2583 1427 2629 cupit)
1463 2593 1567 2620 corr.
1609 2581 1679 2618 ΜΞ.
1756 2583 1878 2619 3-4.
1918 2585 2164 2629 repertus..

460 2685 465 2689 .
503 2640 714 2686 sepeliret,
760 2640 831 2687 cfr.
865 2640 1014 2677 Psalm.
1047 2640 1111 2686 78,
1131 2640 1165 2677 3.
1242 2641 1363 2676 4—7.
1404 2640 1806 2676 audiat..audiant:
1853 2639 2003 2676 Psalm.
2035 2640 2098 2684 23,
2121 2640 2163 2684 1,-

506 2696 686 2744 48‚2sq.
778 2699 813 2733 5.
860 2698 1071 2744 siquidem
1120 2697 1159 2733 11.
1202 2697 1224 2733 l.
1254 2713 1297 2728 z
1329 2697 1465 2743 igitur,
1515 2699 1559 2732 ut
1604 2697 1713 2743 infra
1760 2696 2005 2744 quibusdam
2054 2697 2161 2734 locis.

503 2755 665 2801 quique
689 2770 732 2785 z
754 2766 914 2791 omnes.
983 2756 1043 2791 10.
1079 2758 1257 2790 mortem
1278 2755 1488 2792 ..crucis:
1532 2753 1708 2800 Philipp.
1741 2754 1779 2799 2,
1801 2755 1834 2790 8.
1907 2755 1968 2790 11.
2001 2757 2040 2790 et
2070 2756 2164 2789 ante

508 2822 585 2856 pro
617 2812 709 2847 add.
743 2812 788 2855 K,
823 2814 974 2859 proeler
1002 2812 1289 2848 necessitatem.
1369 2812 1429 2847 12.
1464 2811 1640 2858 precios.
1674 2811 1773 2847 facit
1804 2822 1868 2847 an.
1900 2822 2038 2847 suam:
2078 2810 2161 2846 Act.

504 2871 633 2913 apost.
669 2869 817 2913 20‚24.
894 2871 953 2906 17.
988 2869 1213 2905 articulum
1237 2883 1281 2899 z
1305 2868 1492 2914 digitum,
1526 2879 1708 2904 manum.
1748 2889 1802 2894 ——
1845 2868 1907 2903 18.
1943 2868 2161 2903 Danorum

505 2924 545 2960 Ji.
586 2925 607 2961 l.
646 2936 724 2961 om.
765 2928 814 2971 O,
861 2926 930 2962 sed
975 2925 1097 2962 habet
1133 2925 1319 2972 superius
1360 2926 1401 2961 Ε.
1478 2926 1543 2962 20.
1584 2925 1728 2960 maIIm
1768 2925 2063 2969 lamentabilis,
2109 2924 2163 2960 ad

507 2992 655 3017 rumor
672 2983 856 3020 relatum.
905 2984 969 3019 25.
990 2984 1213 3018 occasione
1227 2982 1321 3028 fort.
1337 2997 1379 3012 z
1394 2992 1521 3018 causa
1541 2982 1813 3029 impediente,
1844 2981 1915 3027 cfr.
1932 2993 1972 3027 p.
1990 2981 2082 3027 440,
2096 2980 2161 3017 32.

507 3038 686 3075 27—28.
720 3051 929 3086 nusquam
971 3045 996 3076 t.
1031 3052 1080 3075 m.
1114 3040 1316 3076 deficiunt
1344 3038 1614 3085 prouerbium
1647 3039 1858 3076 metricum
1891 3049 1973 3075 esse
2005 3038 2164 3075 videtur

504 3096 580 3129 aut
610 3096 719 3131 Iocus
751 3107 800 3132 ex
830 3097 968 3143 aliquo
995 3099 1116 3143 poeta
1147 3099 1345 3142 sumptus.
