2242 3551
428 253 658 282 exomnvn
694 252 971 280 MONASTERH
1005 252 1132 281 CARAE
1166 251 1339 280 1Nsviffi2:
1629 241 1711 279 229

61 373 272 428 pulsetur.
336 370 630 422 Quapropter
666 366 898 409 sanctitati
941 370 1090 406 uestre
1125 366 1360 407 humiliter
1393 366 1712 419 supplicamus

60 450 99 487 et
129 445 304 494 deuote7
337 441 556 495 quatinus
589 453 695 494 sepe
727 439 896 480 dictam
924 439 1117 479 domum
1143 451 1196 479 ac
1220 444 1504 479 conuentum
1533 439 1713 492 scriptis

60 516 216 559 uestris
256 516 313 555 ad
356 515 511 555 sedem
554 512 857 567 apostolicam
908 516 948 552 et
996 511 1254 552 cardinales
1294 511 1546 564 dignemini
1589 524 1712 552 com-

60 589 249 638 munire,
293 600 349 628 ne
381 587 500 628 dicta
535 588 704 628 domus
737 589 975 638 cetereque
1008 584 1177 625 domus
1212 597 1291 638 per
1325 584 1516 625 Daciam
1549 585 1714 625 consti-

62 667 149 705 [ute
194 660 449 715 periculum
499 664 541 701 et
587 658 834 710 excidium,
882 658 1005 710 quod
1054 661 1231 699 auertat
1279 658 1406 708 deus,
1459 656 1748 710 paciantur..

670 717 790 738 00'0

62 737 222 776 Datum
265 746 387 773 anno
430 731 608 773 domini
650 740 868 773 .M.CC.lx.11.1.
932 730 981 770 In
1031 729 1104 769 die
1152 730 1296 770 sancti
1336 729 1568 770 zIohannis
1610 733 1713 769 ante

61 811 234 862 portani
268 805 521 846 Latinam.«

140 929 286 984 (XIX.)
338 892 450 971 Rst
478 929 564 969 hec
588 927 864 980 excogitauit
889 939 1045 968 secum
1076 927 1233 978 abbas,
1267 938 1550 978 cognoscens
1576 926 1714 966 imbe-

59 1003 286 1045 cillitatem
336 1015 466 1043 suam
517 1005 558 1042 et
598 1000 873 1054 pai-uitatem
919 1004 961 1041 et
1009 1003 1326 1053 paupertatem
1375 1000 1433 1039 ad
1482 1003 1603 1040 tante
1652 999 1714 1039 rei

59 1074 381 1126 resistenciam,
429 1079 470 1115 et
511 1074 710 1114 maxime
752 1072 860 1126 quia
903 1086 1008 1126 sepe
1048 1072 1199 1113 dictus
1239 1072 1485 1126 episcopus
1529 1073 1715 1113 ludebat

60 1162 160 1190 cum
195 1159 308 1201 rege,
355 1148 515 1198 immo,
563 1151 612 1187 ut
644 1147 798 1188 uerius
831 1146 999 1197 dicam,
1041 1145 1265 1186 illudebat
1297 1145 1335 1185 ei
1369 1145 1522 1186 adhuc
1558 1158 1714 1199 puero,

60 1222 231 1263 habens
263 1234 367 1262 eum
402 1225 624 1274 tanquam
659 1219 704 1260 in
741 1233 882 1260 manu
916 1232 997 1259 sua
1041 1218 1436 1273 (archiepiscopus
1469 1232 1594 1264 uero,
1637 1218 1715 1273 qui

61 1296 193 1336 iudex
225 1308 336 1335 suus
368 1307 466 1334 esse
499 1293 658 1334 debuit
698 1292 975 1343 ordinarius,
1025 1296 1074 1332 ut
1113 1305 1252 1345 supra
1295 1295 1713 1332 commemoratum

61 1372 137 1420 est,
183 1367 400 1421 expulsus
438 1367 523 1408 fuit
560 1367 617 1407 de
656 1377 795 1419 regno
839 1369 1024 1419 propter
1068 1365 1299 1406 iusticiam
1340 1364 1548 1413 ecclesie3
1596 1365 1716 1405 vnde

61 1441 259 1495 prefatus
290 1440 537 1494 episcopus
569 1452 654 1480 nec
685 1440 824 1480 deum
851 1438 1005 1480 timuit
1032 1451 1116 1479 nec
1140 1438 1378 1479 hominem
1404 1438 1716 1489 reuerebatur,

62 1527 165 1555 nam
198 1513 294 1568 ipse
328 1512 415 1553 sibi
448 1512 591 1554 extitit
623 1510 795 1566 iudex):
833 1535 887 1540 ψ
912 1512 1069 1552 Abbas
1102 1511 1250 1564 igitur,
1283 1524 1440 1552 secum
1475 1515 1716 1564 assumpto

62 1586 289 1628 monacho
330 1599 438 1638 unc,
486 1586 681 1639 perrexit
720 1586 889 1626 Tutani
932 1585 1116 1635 uallem,
1164 1596 1330 1637 rogans
1371 1585 1586 1625 abbatem
1629 1583 1716 1625 loci

62 1660 194 1711 illius,
241 1663 289 1700 ut
328 1672 486 1700 secum
527 1659 704 1700 ueniret
743 1660 799 1699 ad
835 1659 937 1700 Uite
970 1658 1158 1706 scolam,
1208 1659 1262 1699 de
1296 1670 1464 1711 magno
1498 1662 1539 1697 et
1571 1658 1716 1698 arduo

61 1733 246 1786 negocio
281 1732 528 1773 tractaturi.
592 1732 683 1783 Qui
723 1745 830 1772 cum
866 1732 966 1772 Uite
1009 1731 1184 1772 scolam
1218 1731 1551 1785 peruenissent,
1599 1730 1717 1784 cepit

61 1806 202 1847 abbas
247 1809 402 1846 noster
443 1818 576 1846 suam
618 1805 819 1858 pandere
866 1809 909 1846 et
954 1805 1160 1857 detegere
1207 1805 1510 1855 uoluntatem,
1559 1808 1716 1857 petens

62 1878 324 1933 suppliciter
361 1879 631 1919 cessionem.
695 1878 799 1928 Quo
840 1878 998 1919 audito
1046 1878 1191 1918 abbas
1232 1878 1348 1918 Tute
1394 1877 1527 1918 uallis
1574 1876 1717 1929 indig—

63 1955 192 1992 natus
232 1956 298 1993 est
338 1952 486 2002 ualde,
534 1952 657 2005 quod
699 1964 804 1991 eum
847 1953 903 1992 ad
944 1952 1032 1992 hoc
1076 1951 1186 1991 illuc
1224 1950 1533 2004 perduxissetg
1582 1949 1718 2003 peciit

61 2024 296 2065 licenciam
332 2024 555 2065 redeundi
588 2024 805 2075 domumf,
839 2025 915 2064 uix
952 2024 1129 2076 magnis
1162 2023 1376 2078 precibus
1410 2027 1609 2063 retentus
1637 2027 1715 2063 est.

65 2097 184 2138 Dixit
215 2098 359 2139 abbas
394 2098 493 2139 Uite
526 2097 661 2145 scole,
710 2110 801 2137 non
845 2111 943 2138 esse
976 2097 1274 2147 conueniens,
1322 2100 1371 2136 ut
1402 2095 1466 2136 ibi
1499 2097 1717 2149 reciperet

64 2170 156 2211 eius
189 2170 466 2219 cessionemg
519 2171 619 2211 »sed
661 2170 697 2210 si
736 2171 929 2211 omnino
963 2171 1021 2210 ita
1056 2173 1234 2223 oportet
1267 2169 1379 2217 fieri,
1427 2169 1714 2209 redeundum
1745 2179 1782 2207 ·.⁷

3 2257 5 2259 ·
64 2247 127 2283 est
157 2243 212 2284 ad
246 2243 516 2297 capitulum,
565 2243 642 2284 ubi
684 2256 852 2284 nomen
895 2255 1163 2297 susceperas
1208 2242 1426 2283 abbatis«
1496 2242 1573 2282 Ille
1608 2255 1716 2283 uero

64 2320 320 2357 constanter
350 2316 604 2367 insistebat,
637 2316 813 2356 iurans:
848 2316 899 2356 ‘si
933 2316 1073 2357 nollet
1097 2315 1353 2356 cessionem
1380 2315 1476 2355 eius
1502 2316 1716 2368 recipere„

64 2387 259 2440 sigillum
307 2394 411 2430 ante
458 2389 597 2442 pedes
644 2389 741 2430 eius
789 2392 1002 2442 poneret'.
1078 2388 1357 2429 Conuocatis
1396 2387 1533 2439 igitur
1571 2388 1717 2429 abhas

65 2461 228 2502 domus
265 2461 389 2502 illius
429 2474 585 2503 secum
625 2462 792 2503 abbate
832 2466 874 2503 et
916 2461 1147 2503 monacho
1181 2462 1349 2501 domus
1383 2465 1550 2513 nostre,
1597 2461 1712 2502 clam

64 2533 343 2585 interrogans
377 2548 468 2586 eos,
501 2547 638 2588 quem
673 2536 895 2576 haberent
928 2535 985 2575 ad
1015 2535 1103 2575 tale
1129 2535 1280 2574 honus
1306 2537 1482 2586 aptum,
1517 2534 1716 2587 Respon-

65 2606 226 2647 derunt
267 2607 346 2659 illi,
393 2607 615 2648 dicentes:
671 2607 775 2648 »Est
816 2608 891 2649 hic
936 2608 1059 2662 apud
1102 2620 1185 2647 uos
1228 2606 1396 2647 nobilis
1440 2619 1634 2660 persona
1676 2611 1717 2647 et

66 2679 257 2733 sapiens,
306 2684 348 2721 et
389 2680 505 2721 bene
545 2684 679 2720 notus
722 2681 779 2721 ab
819 2680 1040 2721 omnibus
1079 2680 1349 2721 melioribus
1397 2679 1521 2732 regni
1563 2680 1717 2728 Dacie,

66 2751 278 2793 dominus
304 2754 478 2802 Thuro‚
512 2754 809 2806 predecessor
840 2757 1003 2804 uester,
1036 2753 1115 2807 qui
1148 2752 1281 2793 annis
1302 2786 1308 2792 .
1331 2786 1337 2792 .
1359 2752 1526 2805 prefuit
1558 2753 1717 2793 domui

66 2823 159 2875 isti3
204 2830 359 2879 postea
393 2825 561 2880 prefuit
596 2826 760 2867 Esrom
793 2826 954 2866 annis.
977 2841 1007 2874 .;
1048 2825 1124 2879 qui
1160 2825 1274 2865 bene
1307 2829 1347 2865 et
1381 2826 1572 2866 honeste
1605 2826 1718 2866 rexit

152 2963 185 2999 8.
220 2963 459 3000 ibel'cilitate
493 2962 558 2999 ΟΒ.
635 2964 670 2998 9.
703 2974 822 2999 suani
856 2967 895 3000 et
925 2963 1086 3009 scripsig
1134 2965 1172 2998 et
1211 2973 1329 2998 suam
1364 2961 1427 2998 Cb.
1510 2963 1569 2997 1⁴».
1616 2962 1713 3008 quia

66 3021 198 3063 postea
240 3020 398 3057 addidit
436 3020 609 3067 scriptor
648 3020 688 3055 in
722 3020 918 3067 maryine.
996 3021 1058 3056 15.
1095 3031 1170 3056 nec
1203 3019 1327 3055 deum
1357 3049 1361 3054 .
1389 3049 1394 3055 .
1422 3020 1716 3056 reum—ebatur:

68 3073 158 3113 Luc.
192 3078 254 3123 18,
273 3079 307 3117 2.
326 3077 359 3114 [ι.
442 3079 503 3113 17.
537 3077 629 3114 nale
656 3076 721 3113 C8.
797 3078 850 3114 33
871 3088 926 3124 sq.
961 3088 1087 3113 vacua
1120 3076 1252 3123 spatia
1286 3076 1503 3123 reliquerat
1532 3077 1717 3122 scriptor,

70 3135 111 3167 ut
136 3137 274 3179 postea
306 3135 347 3170 in
379 3136 433 3170 eis
466 3145 657 3171 numeros
688 3134 895 3178 scribe1·et;
927 3135 995 3170 sed
1027 3134 1068 3170 id
1097 3134 1251 3179 factum
1285 3144 1368 3169 non
1402 3136 1469 3170 est.

1746 1082 1784 1112 10

1747 1447 1785 1477 15

1745 1813 1786 1842 20

1744 2546 1785 2575 30
