2242 3551
461 234 697 267 ExonnlvM
730 233 1010 266 MoNAs‘rERn
1042 233 1171 268 CARAE
1203 233 1377 266 1NvaAE
1668 227 1751 267 243

94 356 380 406 meritorum,
439 365 601 394 eorum
656 351 793 393 uobis
847 352 983 393 debet
1036 351 1171 392 fidele
1218 351 1367 393 uideri
1415 351 1662 392 consilium
1710 357 1752 393 et

93 431 272 482 accepta
304 426 514 478 monitio,
546 424 626 479 qui
658 438 767 477 non,
800 437 889 478 que
922 424 1091 478 priuati
1124 429 1232 465 sunt
1263 424 1515 477 commodi,
1549 426 1628 466 sed
1661 439 1750 479 que

93 505 237 544 uestre
267 498 643 551 honorificencie,
690 497 976 551 requirentes
1013 497 1159 538 animi
1192 497 1333 539 uestri
1367 502 1547 539 motum
1580 498 1627 538 in
1660 498 1749 552 hijs

92 574 301 630 precipue
331 574 623 626 promouent,
656 571 828 625 quibus
853 570 999 623 magis
1026 575 1178 612 uestra
1211 571 1449 612 sinceritas
1476 571 1532 611 sit
1557 571 1749 624 sincera,

93 653 134 690 et
162 648 219 689 ab
251 647 322 687 his
355 645 547 686 sollicite
579 657 797 685 amouere
830 647 1073 694 conantur,
1117 657 1197 697 per
1230 657 1319 697 que
1352 648 1507 698 posset
1538 644 1595 685 de
1627 644 1750 685 facili
1778 653 1796 683 5

91 720 319 774 dignitatis
365 717 641 772 episcopalis
689 718 828 758 decor
874 729 969 758 non
1016 717 1233 758 inmerito
1281 717 1528 758 obfuscari.
1619 718 1750 770 Sane,

91 793 386 836 referentibus
419 791 597 832 dilectis
637 790 684 831 in
720 790 904 832 Christo
943 789 1065 844 filijs,
1114 790 1228 831 Care
1262 790 1416 831 Insule
1458 803 1512 832 ac
1550 791 1748 832 aliorum

90 865 473 908 monasteriorum
493 864 634 905 Dacie
653 863 985 917 Cysterciensis
1010 863 1188 904 ordinis
1217 876 1311 904 non
1330 864 1470 904 nullis
1488 864 1750 916 abbatibus,

89 940 219 981 nobis
264 938 478 992 innotuit,
525 938 652 992 quod
699 937 846 978 abbas
893 940 935 977 et
981 940 1242 978 conuentus
1288 937 1435 990 ipsius
1482 937 1747 991 monasterij

90 1012 200 1054 Care
232 1012 385 1053 Insule
417 1024 585 1052 manus
618 1014 770 1051 uestre
802 1010 925 1051 mole
956 1009 1145 1062 indigne
1178 1022 1233 1051 ac
1258 1009 1574 1063 multipliciter
1597 1022 1750 1063 aggra-
1778 1019 1819 1050 10

89 1089 275 1135 uantur3
322 1097 438 1139 quos
471 1084 547 1138 pia
580 1083 807 1125 deberetis
840 1082 1169 1124 munificencia
1204 1083 1467 1136 confouere,
1514 1096 1571 1124 ne
1611 1084 1750 1124 simul

89 1159 317 1200 offendere
363 1157 641 1198 uideremini
688 1156 918 1198 iusticiam
968 1169 1023 1197 ac
1060 1157 1230 1210 pariter
1270 1156 1502 1210 pietatem,
1549 1170 1749 1210 quarum

88 1232 258 1273 debetis
303 1244 389 1272 uos
436 1231 652 1272 exhibere
699 1229 1044 1284 promtissimos
1084 1234 1344 1271 sectatores.
1422 1230 1563 1270 Aiunt
1611 1230 1749 1283 enim,

87 1305 207 1360 quod
240 1317 338 1356 uos,
370 1304 418 1345 in
451 1303 681 1358 prefatum
722 1303 1059 1345 monasterium
1102 1303 1294 1357 eiusque
1327 1304 1540 1356 grangias
1573 1317 1627 1345 ac
1658 1304 1748 1345 alia

87 1378 206 1419 bona
237 1381 279 1419 et
309 1374 504 1431 (utinam
537 1390 631 1418 non
645 1374 669 1431 l)
705 1389 928 1431 personas
960 1380 1184 1431 tanquam
1217 1376 1491 1418 inclinatum
1525 1377 1746 1431 parietem
1775 1385 1816 1415 15

87 1455 128 1492 et
156 1451 405 1505 impulsam
439 1450 688 1492 maceriam
724 1451 1076 1505 quodammodo
1110 1450 1349 1503 irruentes,
1392 1450 1596 1504 quietam
1630 1451 1749 1504 ipso-

86 1537 187 1565 rum
219 1524 362 1565 uitam
395 1524 443 1565 in
475 1523 668 1565 domino
701 1523 995 1577 perturbatis,
1036 1527 1092 1577 et,
1134 1536 1304 1564 manus
1336 1523 1500 1564 auidas
1532 1525 1590 1565 ad
1625 1524 1747 1565 bona

86 1598 376 1638 extendentes
407 1597 634 1651 ipsorum,
682 1598 867 1638 eosdem
909 1609 1003 1637 non
1036 1597 1192 1637 minus
1225 1597 1272 1637 in
1306 1597 1516 1651 personis
1549 1597 1747 1651 propriis

85 1682 221 1723 quam
254 1683 408 1711 rerum
443 1682 634 1711 suarum
667 1669 915 1722 ablatione,
963 1682 1018 1711 ne
1051 1669 1307 1711 dixerimus
1347 1670 1620 1722 extorsione,
1668 1683 1748 1724 per

86 1752 169 1784 uos
215 1747 256 1784 et
302 1747 480 1784 uestros
528 1743 844 1797 multipliciter
890 1743 1159 1784 molestatis.
1253 1744 1308 1784 Et
1366 1747 1415 1784 ut
1460 1747 1611 1798 preter
1657 1743 1745 1784 alia
1773 1751 1815 1781 20

84 1815 325 1857 innumera
358 1816 645 1869 grauamina,
690 1829 778 1870 que
811 1815 987 1857 infertis
1020 1816 1210 1869 eisdem,
1252 1817 1422 1871 aliqua,
1470 1817 1616 1857 immo
1649 1829 1744 1870 per-

85 1901 228 1942 pauca
274 1893 483 1943 respectu
531 1889 856 1941 multitudinis,
905 1902 993 1943 que
1039 1893 1262 1941 tacentur,
1309 1890 1641 1931 interseramus
1687 1890 1745 1930 ad

84 1975 281 2016 presens,
315 1963 547 2015 attendite,
581 1975 670 2017 que
703 1962 982 2003 scribuntur.
1045 1963 1206 2003 Trium
1241 1963 1612 2004 ebdomadarum
1645 1976 1745 2016 pro-

85 2036 341 2077 curationes
372 2037 431 2077 ab
464 2036 527 2077 eis
559 2048 643 2089 pro
677 2035 812 2077 uobis
837 2047 1098 2090 magnaque
1122 2040 1307 2077 caterua
1331 2036 1565 2089 equitante
1593 2036 1745 2077 uobis-

84 2119 185 2148 cum
234 2109 368 2151 annis
415 2109 609 2162 singulis
656 2108 949 2162 extorquetis.
1031 2109 1291 2150 Domorum
1339 2121 1531 2149 suarum
1579 2109 1743 2150 ianuas
1770 2116 1812 2147 25

84 2179 246 2222 iubetis
292 2186 333 2223 et
370 2182 520 2223 facitis
568 2182 794 2223 uiolenter
835 2181 1074 2234 confringi.
1141 2182 1364 2222 Militibus
1405 2186 1447 2222 et
1487 2182 1743 2223 baronibus

84 2253 395 2296 demandastis
441 2255 716 2309 aliquando,
778 2259 827 2295 ut
873 2255 1131 2296 monachos
1178 2255 1325 2308 ipsos,
1381 2267 1487 2295 cum
1541 2259 1742 2308 possent,

85 2332 307 2381 caperent,
339 2329 636 2370 uerberarent
668 2331 710 2368 et
733 2327 870 2369 etiam
896 2327 1149 2382 spoliarent
1179 2328 1428 2379 immunes,
1462 2340 1567 2368 cum
1593 2327 1741 2377 uobis,

85 2402 133 2439 ut
176 2401 397 2455 asseritis,
456 2401 732 2442 absoluendi
786 2413 1046 2442 excessores
1102 2400 1374 2442 huiusmodi
1420 2401 1478 2440 sit
1523 2400 1741 2441 attributa

84 2471 286 2515 facultas.
340 2474 465 2515 Alias
498 2473 625 2528 ipsos
656 2474 777 2526 regie
809 2474 1036 2515 maiestati
1070 2478 1113 2515 et
1144 2485 1284 2526 regno
1316 2473 1507 2514 redditis
1539 2474 1741 2526 odiosos,
1768 2480 1811 2511 30

85 2557 349 2601 quanquam
395 2547 443 2588 in
490 2547 620 2588 nullo
666 2547 860 2601 predicti
897 2546 1069 2590 fratres
1115 2547 1284 2588 fuerint
1330 2559 1538 2600 unquam
1582 2551 1741 2587 contra

83 2617 300 2660 honorem
347 2620 525 2673 regium
572 2620 840 2661 machinati.
903 2620 1128 2661 Abbatem
1169 2632 1354 2674 quoque
1392 2631 1446 2660 ac
1483 2620 1739 2660 monachos

84 2694 125 2731 et
160 2704 409 2734 conuersos
449 2693 713 2747 monasterij
754 2697 859 2734 ante
896 2693 1007 2733 dicti
1045 2693 1194 2733 citatis
1229 2690 1241 2747 Η
1281 2693 1338 2733 ad
1379 2696 1531 2733 uestra
1570 2691 1738 2745 placita
1764 2698 1929 2731 F01.38v.

84 2775 164 2815 pro
195 2770 344 2807 uestre
375 2766 506 2807 libito
539 2765 814 2816 uoluntatis,
863 2765 1268 2807 excommunicare
1300 2768 1504 2818 preterea
1536 2777 1630 2805 non
1664 2765 1741 2805 ob-

84 2835 256 2878 mittitis
289 2842 449 2880 contra
481 2851 669 2880 omnem
702 2838 935 2879 iusticiam
968 2839 1171 2888 colonos,
1206 2837 1457 2878 familiares
1490 2840 1532 2877 et
1558 2837 1738 2877 uillicos
1766 2841 1808 2871 35

84 2911 347 2963 eorundem,
394 2911 483 2951 nisi
526 2911 702 2965 prefixo
735 2911 799 2951 eis
830 2911 1030 2952 termino
1062 2914 1363 2964 compareant
1394 2922 1550 2950 coram
1583 2909 1738 2958 uobis;

167 3007 202 3044 5.
220 3019 419 3046 amouere
438 3008 672 3055 Lanyebelc3
697 3014 897 3046 amouere
916 3007 980 3046 CS.
1044 3009 1224 3045 15—16.
1243 3011 1445 3054 tanquam
1466 3038 1472 3044 .
1493 3008 1740 3051 .irruentes,

83 3061 150 3107 cfr.
181 3065 331 3103 Psalm.
359 3066 422 3111 61,
443 3066 477 3103 4.
541 3067 605 3103 19.
637 3067 878 3103 extorsione
909 3067 1070 3113 scripsi3
1102 3066 1366 3103 extorsiones
1400 3062 1465 3101 C8.
1527 3065 1590 3101 32.
1624 3060 1740 3116 holre

85 3118 148 3165 CS,
177 3132 278 3159 corr.
312 3123 537 3170 Lanyebelc.
1691 3152 1694 3153 γ

1467 3191 1531 3221 16*
