2242 3551
518 235 752 265 Exoflmvm
786 234 1065 265 MONASTERII
1097 236 1226 266 CARAE
1259 236 1434 266 1NsuLAE
1724 228 1806 267 215

150 351 336 393 minime
368 350 429 391 ita
458 349 555 391 fore
587 350 883 402 denegamus.
948 350 1042 391 Nec
1074 350 1250 392 ratione
1282 351 1647 405 possessionum,
1691 366 1807 407 quas

149 424 280 466 nobis
311 423 357 464 in
393 424 586 477 Dyursae
618 421 826 475 contulit,
875 421 959 475 [ad]
1002 423 1230 477 predictas
1265 424 1614 478 procurationes
1647 424 1734 465 sibi
1767 429 1809 465 et

149 497 241 539 suis
272 495 617 537 successoribus
648 494 849 548 retinuit,
896 498 945 535 ut
985 495 1149 548 dicitis,
1197 496 1276 537 sed
1316 509 1370 537 ex
1409 510 1493 538 suo
1526 497 1807 551 patrimonio

149 569 280 611 nobis
319 582 394 610 eas
434 568 632 610 totaliter
673 581 780 609 cum
824 580 1053 609 consensu
1094 569 1341 610 meliorum
1382 570 1522 611 Dacie
1560 583 1613 611 ac
1650 573 1808 612 fauore

150 656 228 698 pro
267 641 471 683 remedio
517 641 672 682 anime
713 654 795 682 sue
834 641 1090 696 dereliquit.
1156 642 1248 682 Nec
1290 646 1494 696 preterea
1535 656 1673 697 super
1720 645 1809 686 hoc

150 715 280 757 nobis
311 714 594 756 assumimus
622 714 942 756 excusacionis
965 714 1130 755 friuole
1153 714 1361 768 pallium,
1395 717 1473 756 sed
1497 716 1604 757 dicti
1630 717 1808 757 domini

151 787 373 831 Suenonis
396 791 672 828 testamento
698 791 740 828 et
765 787 1119 829 confirmatione
1143 787 1397 840 legatorum
1425 788 1604 830 domini
1629 793 1809 843 aposto-

148 861 222 903 lici
251 873 305 902 ac
335 861 533 902 duorum
569 872 727 913 regum
762 864 804 902 et
835 860 1026 902 totidem
1059 861 1520 914 archiepiscoporum
1557 863 1807 917 priuilegijs

151 948 230 977 nos
256 934 509 987 munimus,
543 937 585 974 et
610 934 782 975 idcirco
807 934 865 974 ad
892 933 1091 987 prefatas
1117 933 1467 988 procurationes
1493 935 1808 977 exhibendum

151 1007 409 1048 nullatenus
433 1010 687 1047 teneamur.
723 1007 1017 1061 Quapropter
1044 1007 1367 1061 paternitatem
1394 1011 1611 1060 uestram,
1638 1010 1693 1050 de
1719 1023 1809 1063 qua

150 1081 279 1135 plene
321 1080 602 1121 confidimus
636 1084 679 1121 et
710 1093 966 1133 speramuS‚
1013 1093 1067 1121 ac
1104 1084 1292 1134 propter
1332 1081 1559 1122 honorem
1602 1086 1809 1123 uestrum

150 1153 279 1195 uobis
312 1166 336 1194 a
370 1153 456 1194 deo
490 1153 724 1204 collatum,
758 1153 1008 1194 affectuose
1040 1166 1301 1206 exoramUS,
1334 1154 1554 1209 quatinus
1584 1168 1811 1209 pauperes

150 1226 382 1267 ministros
423 1226 591 1268 Christi
632 1230 673 1266 et
712 1226 842 1267 beate
886 1225 1093 1279 uirginis,
1141 1226 1245 1267 licet
1283 1226 1512 1280 indignos,
1560 1229 1616 1268 ad
1656 1239 1812 1282 sque-

150 1299 341 1340 stionem
390 1299 765 1341 aduersariorum
815 1303 1081 1340 nostrorum
1122 1299 1277 1340 minus
1319 1299 1435 1340 iuste
1476 1301 1626 1342 uelitis
1674 1302 1812 1342 inole-

150 1377 285 1425 stare,
343 1386 400 1414 ne
448 1373 591 1425 bona,
647 1386 736 1427 que
783 1385 837 1413 ex
884 1371 1051 1426 pietate
1097 1376 1192 1413 tam
1241 1373 1579 1415 uenerabilium
1628 1379 1811 1428 patrum

150 1446 475 1487 decedencium
509 1445 794 1487 testamentis
832 1445 1032 1498 legitime
1074 1450 1404 1499 prouenerunt,
1452 1447 1622 1500 minus,
1671 1461 1811 1501 quam

150 1523 325 1573 oportet
357 1523 399 1559 et
430 1520 571 1571 decet,
605 1519 741 1560 nobis
773 1520 831 1560 ad
863 1519 1182 1570 commodum,
1215 1523 1258 1560 et
1290 1519 1438 1572 uobis,
1478 1522 1603 1575 quod
1637 1525 1814 1562 auertat

151 1593 274 1645 deus,
316 1593 479 1634 cedant
518 1592 565 1633 in
599 1596 854 1645 peccatum,
902 1592 1142 1645 presertim
1176 1605 1284 1633 cum
1317 1606 1415 1646 1108,
1464 1597 1567 1647 post
1599 1595 1738 1635 deum
1773 1599 1814 1635 et

150 1665 329 1706 beatam
377 1665 620 1718 uirginem⁷
667 1666 836 1706 domus
884 1668 1039 1706 nostre
1086 1678 1171 1706 uos
1219 1678 1462 1719 speramus
1509 1671 1552 1708 et
1598 1671 1814 1721 optamus

117 1776 120 1779 .
151 1738 394 1779 summisse
426 1738 609 1779 fidelem
643 1739 699 1779 de
732 1741 882 1779 cetero
914 1737 1011 1779 fore
1046 1742 1393 1792 protectorem.«

233 1843 362 1901 (VII.)
414 1811 599 1888 Iterum
642 1846 847 1887 secundo
889 1849 931 1886 et
969 1846 1110 1888 tercio
1149 1846 1275 1887 misit
1321 1847 1457 1888 nobis
1505 1847 1677 1889 litteras
1725 1849 1814 1903 epi-

151 1932 315 1972 scopus
371 1919 628 1961 secundum
686 1923 891 1960 tenorem
948 1919 1158 1972 priorum
1216 1920 1493 1971 litterarum3
1552 1922 1649 1969 sed,
1706 1921 1814 1975 quia

151 1993 331 2047 copiam
372 1992 557 2034 illarum
599 1994 799 2033 duarum
848 1992 1104 2033 litterarum
1152 1993 1454 2047 sequencium
1502 1994 1672 2035 habere
1720 2008 1812 2035 non

151 2066 400 2119 potuimus,
433 2066 582 2106 noluit
613 2066 758 2106 abbas
791 2065 829 2106 ei
863 2064 1125 2113 rescribere,
1158 2066 1237 2106 sed
1269 2066 1565 2107 renunciauit
1589 2066 1629 2108 ei
1653 2068 1814 2108 uerbo-

151 2142 282 2179 tenus
328 2139 586 2180 secundum
627 2138 769 2179 uerba
817 2138 984 2192 priora.
1049 2138 1260 2193 Cumque
1308 2143 1500 2180 uentum
1549 2139 1710 2181 fuisset
1756 2141 1814 2181 ad

152 2211 271 2252 diem
307 2211 441 2252 nobis
474 2211 713 2265 prefixam,
747 2211 958 2264 proxima
991 2212 1064 2253 die
1097 2211 1305 2266 sequenti
1335 2212 1545 2265 premisit
1569 2213 1814 2266 episcopus

152 2297 286 2326 cocos
320 2298 442 2337 suOS,
476 2284 732 2338 precipiens
767 2283 845 2331 eis,
880 2288 929 2325 ut
962 2297 1044 2325 sua
1069 2289 1369 2338 prepararent
1397 2285 1582 2327 cibaria.
1633 2286 1814 2336 Quibus

154 2357 462 2406 uenientibus,
511 2358 725 2398 dixerunt
772 2357 991 2409 magistro
1039 2357 1300 2411 hospitum,
1348 2362 1397 2398 ut
1444 2358 1508 2399 eis
1556 2358 1814 2399 necessaria

152 2430 503 2472 administraret.
569 2431 648 2471 Ille
681 2430 986 2484 premonitus,
1033 2430 1070 2470 si
1112 2430 1336 2481 uenirent,
1385 2434 1434 2471 ut
1465 2444 1558 2472 non
1591 2432 1720 2472 daret
1751 2431 1813 2472 eis

153 2502 413 2557 quicquam.
478 2503 660 2554 Quibus
703 2503 777 2544 ille
816 2503 1074 2557 respondit:
1128 2503 1217 2543 »Ite
1250 2504 1307 2544 ad
1340 2503 1556 2544 abbatem
1590 2508 1645 2556 et,
1692 2504 1815 2558 quic-

153 2574 260 2628 quid
308 2575 443 2616 uobis
490 2575 676 2628 dixerit,
730 2576 903 2617 facite«
994 2577 1050 2617 At
1096 2576 1162 2616 illi
1210 2575 1447 2617 uenientes
1494 2577 1551 2616 ad
1600 2576 1813 2617 abbatem

153 2647 382 2689 dixerunt:
437 2649 577 2689 »Date
609 2648 745 2690 nobis
778 2649 837 2689 ad
869 2650 1215 2702 preparandum
1250 2648 1442 2689 domino
1476 2652 1633 2689 nostro
1666 2661 1816 2689 neces-

154 2720 310 2762 saria«
376 2721 559 2772 Quibus
591 2721 666 2762 ille
698 2721 829 2762 dixit:
874 2722 964 2762 »Ite
996 2723 1055 2763 ad
1088 2721 1331 2763 dominum
1368 2725 1573 2762 uestrum
1609 2725 1652 2762 et
1682 2720 1818 2762 dicite

242 2835 275 2871 1.
310 2835 561 2872 NeczNec
592 2838 744 2872 tamen.
809 2836 845 2872 2.
877 2835 930 2871 ad
962 2835 1179 2872 delendum
1213 2835 1380 2881 videtur,
1414 2834 1485 2880 cfr.
1512 2845 1551 2881 p.
1579 2833 1670 2879 214,
1691 2834 1817 2881 3sqq.

155 2893 190 2928 5.
231 2892 467 2939 dereliquid
508 2890 573 2929 CS.
652 2893 714 2929 10.
757 2896 952 2929 tenemur
993 2892 1115 2928 scribi
1155 2892 1299 2929 debuit·
1381 2893 1442 2929 13.
1475 2892 1716 2939 sugestione
1750 2890 1816 2928 CS.

157 2949 218 2985 14.
260 2949 402 2986 nolitis
443 2950 524 2986 dici
562 2949 709 2996 debuit,
758 2950 840 2986 nisi
885 2950 1086 2997 quatinus
1132 2951 1255 2986 etiam
1298 2961 1376 2996 pro
1416 2960 1467 2986 ne
1510 2949 1640 2995 accipi
1675 2951 1814 2996 potest.

157 3006 218 3042 18.
250 3007 370 3043 cedat
408 3005 505 3055 (pro
538 3005 673 3055 cedat)
715 3006 781 3044 CS.
874 3019 951 3044 nos
995 3007 1160 3053 scripsi3
1207 3018 1284 3043 uos
1316 3005 1390 3052 083
1437 3007 1518 3043 nisi
1552 3006 1657 3052 forte
1695 3006 1815 3042 malis

156 3074 327 3111 alterum
361 3087 438 3112 uos
470 3075 608 3112 delere.
674 3077 739 3114 19.
769 3078 865 3122 post
894 3076 1005 3112 dom.
1033 3078 1176 3112 nostre
1203 3075 1458 3122 interpunyit
1481 3073 1545 3111 CS.
1608 3075 1671 3111 20.
1704 3067 1816 3111 suiiie

154 3131 288 3178 codex,
317 3132 338 3169 i.
358 3143 387 3170 e.
414 3133 658 3181 summisse;
686 3132 903 3180 Lanyebelc
926 3143 1198 3180 summopere
1221 3132 1390 3179 scripsit.
1453 3132 1632 3169 21—25.
1659 3132 1813 3168 Iterum

157 3217 187 3223 ..
210 3190 354 3235 priora
386 3189 620 3228 rubricator
645 3191 791 3237 pinxit.

1839 1020 1879 1049 10

1841 1383 1880 1414 15

1839 1734 1882 1764 20

1840 2150 1882 2180 25

1841 2516 1883 2546 30
