2242 3551
443 227 677 256 exonmvm
711 226 989 255 MONASTERII
1022 227 1150 256 CARAE
1183 228 1355 256 INSVLAE
1647 220 1723 258 177

71 356 198 386 mora
244 342 475 383 offerebat.
540 341 680 395 Cujus
729 342 938 394 exemplo
986 341 1060 394 alij
1110 343 1301 382 animati
1342 343 1509 395 singuli
1553 356 1726 396 posses-

71 419 220 459 siones
253 428 360 456 suas
393 415 592 455 uendere
625 414 914 455 festinabant.
982 415 1077 455 Hec
1112 427 1193 468 ego
1226 416 1483 468 predictum
1518 418 1724 469 Aponem

71 490 227 532 audiui
273 489 415 529 michi
463 501 569 529 eum
615 487 915 539 interroganti
964 489 1268 540 respondisse.
1348 489 1465 529 Nam
1520 489 1578 529 ab
1624 489 1725 542 alijs

71 563 195 618 prius
227 561 479 613 audieram,
514 561 591 601 sed
625 561 912 601 dubitabam.

785 718 882 764 Cap.
916 717 1017 754 xxi.

141 800 231 844 Quo
263 802 454 846 tempore
487 802 696 835 uenerunt
727 799 780 835 ad
813 798 968 841 locum,
1000 798 1041 834 in
1076 809 1161 845 quo
1195 809 1308 835 nunc
1341 801 1657 837 monasterium.

161 867 440 946 rsransactis
480 905 525 944 in
568 904 708 946 Calue
752 917 842 945 .1111.
886 904 1034 955 annis,
1083 908 1124 944 et
1163 904 1321 945 erectis
1367 904 1413 944 in
1462 918 1585 946 nouo
1625 907 1725 948 1000

70 978 260 1031 tugurijs
292 978 444 1031 potius
477 991 615 1031 quam
651 978 883 1029 domibus,
928 990 1051 1018 anno
1092 977 1150 1017 ab
1190 977 1508 1018 incarnatione
1547 979 1725 1019 domini

70 1051 302 1103 M.C.lxx11.,
350 1063 493 1091 uerno
541 1055 746 1104 tempore
796 1054 1020 1091 uenerunt
1066 1051 1123 1090 ad
1171 1049 1385 1091 dilectam
1434 1052 1555 1092 hanc
1596 1053 1725 1092 habi-

69 1123 302 1177 tatjonem,
335 1123 646 1178 relinquentes
678 1124 725 1164 in
758 1124 924 1176 insula,
957 1124 1036 1177 qui
1070 1136 1170 1164 eam
1205 1123 1292 1164 sibi
1327 1124 1622 1165 custodirent.
1672 1125 1727 1166 Et

71 1198 340 1249 notandum,
387 1198 512 1251 quod
545 1197 765 1238 monachi
798 1196 951 1237 statim
986 1197 1031 1237 in
1065 1196 1240 1250 primis,
1281 1198 1469 1250 quando
1502 1202 1728 1239 uenerunt

72 1269 223 1322 Calue,
257 1273 466 1311 emerunt
497 1269 541 1310 in
578 1269 694 1310 silua
723 1271 952 1323 Bosthorp
985 1273 1222 1323 pasturam
1251 1282 1308 1311 1x.
1340 1282 1610 1323 porcorum,
1644 1283 1728 1312 nec

70 1356 274 1397 unquam
308 1343 449 1383 uendi
482 1346 628 1396 potest
661 1347 847 1397 propter
873 1344 1086 1384 custodes
1111 1343 1275 1395 insule,
1309 1347 1357 1383 ut
1381 1343 1581 1384 habeant
1604 1343 1726 1396 ligna

71 1417 127 1457 ad
159 1415 496 1469 reparationem
530 1417 777 1457 domorum
812 1420 854 1457 et
885 1417 941 1457 ad
976 1416 1312 1457 nutrimentum
1345 1416 1475 1469 ignis.
1526 1417 1591 1457 Ne
1621 1428 1726 1469 ergo

70 1488 264 1529 alicuius
289 1489 587 1541 malignitatis
612 1490 885 1531 scandalum
918 1489 1136 1530 fratribus
1170 1490 1366 1530 oriretur
1396 1490 1443 1530 in
1477 1494 1727 1543 posterum,

71 1563 125 1603 de
157 1562 339 1603 duobus
372 1562 499 1615 locis,
532 1562 578 1603 in
611 1562 781 1616 quibus
813 1563 941 1616 prius
972 1563 1118 1603 fuerat
1143 1563 1492 1614 monasterium,
1525 1563 1726 1604 domnus

71 1635 212 1675 abbas
262 1635 489 1676 Briennus
537 1640 639 1689 post
694 1636 863 1677 multos
921 1637 1101 1677 labores
1148 1636 1379 1677 bonorum
1428 1649 1620 1689 operum
1669 1636 1727 1677 ab

72 1708 220 1749 officio
268 1708 505 1761 depositus
550 1709 689 1750 tercio
739 1709 934 1750 Romam
982 1710 1037 1751 ad
1087 1709 1394 1762 apostolicum
1444 1709 1641 1762 perrexit
1687 1713 1729 1750 et

72 1780 324 1822 successori
357 1794 456 1833 suo,
502 1782 659 1823 abbati
691 1782 919 1835 Amilio,
960 1783 1039 1836 qui
1074 1782 1368 1823 Marsilius
1403 1783 1546 1823 Rome
1579 1782 1728 1822 dictus

73 1858 149 1907 est,
181 1855 269 1895 tale
302 1855 596 1908 priuilegium
629 1855 901 1909 reportauit:

166 1941 481 2020 »Alexander
513 1979 771 2032 episcopus,
813 1992 974 2020 seruus
1008 1992 1249 2020 seruorum
1284 1979 1370 2031 dei,
1412 1979 1589 2019 dilectis
1621 1978 1727 2032 filijs

75 2051 275 2092 Marsilio
307 2051 463 2092 abbati
497 2055 538 2092 et
570 2052 786 2093 fratribus
821 2052 1087 2093 Careinsule
1121 2052 1315 2093 salutem
1350 2056 1390 2093 et
1422 2051 1726 2105 apostolicam

1756 1202 1797 1232 10

1755 1570 1796 1600 15

1754 1986 1796 2017 20

74 2124 452 2165 1)6116(110110116111.
500 2125 568 2165 Ad
596 2125 881 2166 audientiam
916 2128 1119 2166 nostram
1154 2125 1376 2178 peruenit,
1411 2126 1549 2179 quod,
1582 2124 1727 2164 multa
1762 2145 1764 2148 ·

75 2197 339 2237 necessitate
371 2202 413 2238 et
443 2197 707 2239 rationabili
740 2211 878 2239 causa
905 2198 1148 2251 compulsi,
1181 2212 1205 2238 a
1230 2198 1414 2238 duobus
1440 2197 1552 2238 locis
1576 2197 1727 2237 ordini

75 2275 224 2311 uestro
261 2270 416 2311 minus
441 2271 657 2323 congruis
689 2271 882 2312 consilio
915 2275 957 2312 et
989 2284 1181 2312 assensu
1214 2271 1383 2324 proprij
1411 2268 1423 2324 Η
1448 2269 1651 2323 episcopi
1685 2273 1726 2309 et

74 2342 229 2384 fauore
261 2343 378 2395 regis
409 2347 525 2385 terre
557 2344 615 2384 ad
648 2355 903 2396 congruum
938 2348 979 2385 et
1011 2344 1303 2397 aptissimum
1330 2344 1499 2396 locum,
1531 2343 1610 2397 qui
1636 2342 1725 2384 ΘΠ]

73 2419 277 2467 uocatur,
325 2420 529 2457 uestrum
579 2417 911 2458 monasterium
959 2417 1267 2457 transtulistis.
1344 2416 1474 2457 Vnde
1521 2428 1545 2455 a
1592 2415 1726 2456 nobis

74 2488 338 2542 suppliciter
370 2493 413 2530 et
444 2489 679 2530 humiliter
711 2489 992 2543 postulastis,
1040 2494 1089 2530 ut
1129 2490 1206 2530 illa
1249 2490 1341 2530 duo
1385 2489 1485 2529 loca
1518 2488 1653 2529 uobis
1686 2492 1727 2528 et

74 2562 352 2602 monasterio
408 2565 560 2603 uestro
617 2563 1014 2603 confirmaremus.
1106 2562 1225 2613 Quia
1273 2561 1409 2614 igitur
1455 2562 1582 2602 decet
1628 2573 1726 2612 nos,

74 2638 261 2686 pensata
302 2634 519 2687 religione
560 2639 601 2675 et
639 2636 879 2676 honestate
918 2639 1084 2686 uestra,
1132 2634 1485 2676 rationabilibus
1525 2633 1645 2674 uotis
1686 2637 1727 2674 et

75 2706 309 2761 desiderijs
349 2708 512 2748 uestris
551 2708 747 2760 gratuito
787 2708 946 2748 fauore
985 2721 1189 2748 annuere
1234 2711 1275 2748 et
1306 2708 1361 2747 de
1394 2706 1653 2747 commodis
1686 2709 1727 2746 et

76 2779 354 2831 profectibus
408 2780 572 2821 uestris
626 2781 842 2822 attentius
896 2780 942 2820 in
991 2780 1182 2821 domino
1229 2780 1448 2832 cogitare,
1504 2779 1638 2819 uobis
1687 2782 1727 2818 et

1752 2277 1826 2308 Fol.
1843 2271 1913 2311 13‘'.

1753 2351 1794 2382 25

1753 2715 1795 2746 30

75 2853 353 2893 monasterio
392 2857 544 2894 uestro
577 2853 827 2906 prescripta
860 2854 953 2893 duo
986 2853 1100 2905 loca,
1149 2852 1265 2893 sicut
1303 2865 1355 2892 ea
1396 2851 1726 2892 rationabiliter
1785 2889 1787 2892 .

76 2925 336 2977 possidetis,
398 2925 668 2966 auctoritate
723 2925 973 2979 apostolica
1029 2925 1363 2966 confirmamus
1416 2928 1457 2965 et
1503 2923 1725 2977 presentis

77 2996 230 3050 scripti
269 2998 526 3050 patrocinio
566 2999 928 3050 communimus,
976 3001 1238 3048 statuentes,
1286 3001 1333 3037 ut
1380 2996 1494 3036 nulli
1534 2996 1725 3037 omnino

166 3109 196 3143 1.
230 3108 454 3144 offerrebat
488 3109 532 3145 C.

145 3188 245 3217 Script.
267 3189 331 3213 hist.
353 3189 423 3212 Dan.
446 3190 571 3212 minores
1479 3174 1519 3203 12
