2242 3551
553 212 696 241 VETvs
728 212 956 241 CHRONICA
989 212 1226 240 s1ALANmE
1658 200 1712 238 59

147 328 412 370 MCCXXII.
476 327 720 379 Gregorius
760 325 1006 366 cardinalis
1040 325 1125 366 fuit
1157 326 1201 366 in
1238 325 1392 366 Dacia.
1455 326 1713 376 Gunnerus‚

63 386 247 457 <abbas>
282 400 393 441 Care
425 399 588 450 insule,
621 398 790 439 electus
823 402 889 438 est
920 401 966 438 in
1000 398 1269 451 episcopum
1303 397 1663 449 Wibergensem.

148 472 436 515 MCCXXIII.
510 471 680 524 Captus
727 475 793 512 est
839 471 1162 511 Waldemarus
1210 484 1287 511 rex
1334 483 1439 510 cum
1488 469 1582 509 filio
1630 482 1713 509 suo

61 547 356 589 Waldemaro
388 556 490 597 rege
522 557 547 584 a
582 543 781 584 Henrico
814 543 995 595 comite,
1029 543 1217 584 homine
1250 556 1348 594 suo,
1381 542 1427 582 in
1460 542 1580 583 dolo.

58 667 201 713 (Addit.
226 667 294 702 vet.
306 677 317 701 .·
349 666 557 712 Tempore
583 666 634 701 de
651 665 818 709 Christi,
851 675 937 711 quo
963 664 1122 700 mundo
1149 664 1317 711 prodiit,
1349 664 1416 699 isti
1741 666 1760 695 5

346 734 459 771 mille
492 734 645 770 duceni
677 736 761 770 tres
795 734 893 769 anni
927 733 990 769 bis
1023 727 1195 780 quoque
1227 732 1323 768 deni

346 807 455 849 sunt,
479 814 575 839 cum
596 804 813 839 Danorum
838 812 976 849 regern
1001 802 1117 838 fraus
1135 801 1467 837 Teutunicorum

348 873 534 908 vinctum
569 872 754 915 deduxit,
785 882 910 918 quem
945 871 1064 917 plebs
1097 873 1137 906 et
1168 870 1285 906 curia
1318 870 1448 915 luxit)

144 989 470 1042 (MCCXXIIII.
534 989 663 1030 Orrae
695 992 870 1029 vastata
904 992 981 1028 est.
1034 987 1175 1028 Addit.
1211 985 1303 1038 vet.)

144 1063 405 1104 MCCXXV.
488 1061 616 1114 Obijt
670 1062 831 1102 Petrus
895 1060 1138 1114 episcopus
1193 1059 1531 1112 Roskildensis,
1593 1059 1716 1099 filius
1744 1063 1784 1093 10

58 1135 233 1176 domini
266 1134 430 1176 Jacobi
463 1134 677 1175 Sunonis.

144 1208 426 1250 MCCXXVI.
491 1208 676 1248 Solutus
717 1211 783 1247 est
821 1220 898 1247 rex
939 1219 1046 1247 cum
1079 1205 1187 1246 filio.
1251 1205 1307 1245 Et
1340 1205 1559 1246 Nicolaus
1592 1205 1713 1245 tilius

59 1282 184 1334 Stigh
218 1281 364 1321 factus
397 1284 462 1320 est
494 1279 738 1333 episcopus
773 1279 1101 1320 Roskildensis.
1166 1278 1340 1319 Eodem
1374 1291 1497 1318 anno
1528 1282 1713 1319 sanctus

64 1354 346 1404 Franciscus,
395 1352 583 1406 expletis
629 1366 687 1393 xx
732 1352 880 1404 annis,
928 1365 982 1392 ex
1029 1364 1120 1405 quo
1158 1350 1488 1404 perfectissime
1535 1351 1714 1391 adhesit

59 1427 254 1474 Christo,
288 1426 376 1468 vite
409 1425 614 1466 mortalis
649 1425 954 1478 compedibus
983 1425 1223 1465 absolutus
1248 1437 1325 1464 1111.
1348 1424 1464 1464 Non.
1484 1423 1711 1473 Octobris,
1742 1428 1781 1458 15

53 1499 129 1540 -die
161 1499 410 1550 dominico,
457 1498 646 1539 feliciter
685 1498 900 1551 migrauit
931 1499 988 1538 ad
1025 1496 1282 1538 dominum.
1346 1497 1512 1537 Beatus
1545 1496 1626 1537 iste
1659 1496 1713 1536 de

59 1572 241 1613 ciuitate
285 1571 445 1612 Assisii
492 1575 619 1612 ortus
665 1571 762 1613 fuit.
840 1571 993 1612 Tertio
1040 1570 1220 1611 decimo
1268 1569 1587 1611 conuersionis
1634 1581 1713 1609 sue

58 1658 180 1685 anno
221 1646 278 1685 ad
320 1648 470 1698 partes
503 1644 630 1697 Syrie
674 1644 831 1698 pergit,
878 1643 1062 1684 festinat
1101 1643 1159 1683 ad
1192 1634 1462 1695 Soldanum,
1509 1641 1714 1682 atteritur

59 1717 346 1769 verberibus,
393 1717 631 1758 lacessitur
671 1717 870 1770 iniurijs,
918 1716 1123 1770 predicat
1167 1716 1422 1766 Christum,
1469 1714 1714 1755 remittitur

58 1795 211 1831 tamen
239 1791 297 1830 ab
325 1789 590 1831 infidelibus
616 1791 672 1830 ad
700 1790 869 1830 fideles.
920 1788 1198 1831 Columbina
1226 1788 1517 1842 simplicitate
1550 1788 1713 1841 plenus
1740 1793 1782 1823 20

38 1877 219 1904 ¹omnes
276 1867 507 1904 creaturas
564 1864 620 1903 ad
677 1862 894 1903 creatoris
955 1875 1162 1903 amorem
1218 1862 1449 1911 hortatur,
1510 1859 1715 1914 predicat

61 1936 240 1988 auibus,
287 1936 471 1976 auditur
503 1936 560 1976 ab
594 1935 671 1988 eis,
712 1939 962 1987 tanguntur
993 1935 1051 1976 ab
1083 1935 1198 1988 ipso,
1241 1947 1326 1975 nec
1358 1933 1446 1974 nisi
1478 1933 1713 1974 licenciate

61 2010 290 2050 recedunt.
337 2009 530 2049 Duobus
556 2009 690 2049 annis
715 2013 832 2061 ante,
866 2021 1007 2062 quam
1039 2007 1252 2061 spiritum
1285 2007 1382 2048 celo
1414 2007 1634 2058 redderet,
1666 2005 1712 2045 in

61 2081 235 2122 visione
281 2082 351 2122 dei
400 2095 537 2135 super
577 2095 624 2122 se
666 2081 789 2122 videt
827 2080 1114 2133 crucifixum,
1162 2080 1241 2134 qui
1280 2078 1592 2121 crucifixionis
1633 2091 1714 2118 sue

62 2154 189 2207 signa
222 2154 286 2195 sic
317 2154 363 2194 in
398 2168 450 2195 eo
483 2154 718 2195 euidenter
750 2153 983 2207 expressit,
1031 2157 1079 2193 ut
1119 2153 1367 2194 crucifixus
1406 2151 1635 2193 videretur
1674 2155 1715 2191 et
1741 2157 1783 2188 25

63 2226 169 2280 ipse.
233 2227 570 2279 Consignantur
601 2240 782 2279 manus,
829 2227 966 2280 pedes
1007 2230 1048 2266 et
1087 2226 1219 2277 latus,
1267 2225 1416 2266 crucis
1454 2225 1715 2266 charactere

61 2301 304 2340 resultante
327 2300 375 2340 in
400 2300 514 2353 ipso.
565 2299 747 2352 Legitur
779 2299 899 2340 idem
934 2311 1096 2339 seruus
1128 2298 1200 2338 dei
1232 2299 1438 2351 leprosos
1464 2298 1715 2338 mundasse

153 2457 271 2492 1—2.
305 2456 402 2492 Haec
432 2456 582 2492 omisso
615 2456 714 2491 noui
744 2455 848 2491 anni
880 2454 1020 2501 (1222)
1055 2465 1226 2490 numero
1258 2454 1298 2489 in
1330 2454 1363 2489 H
1394 2452 1716 2500 praecedentibus

64 2513 357 2559 adiunyunlur.
424 2515 456 2549 1.
493 2513 623 2548 Dania
655 2514 699 2548 H.
777 2513 970 2549 Gunerus
997 2513 1043 2548 H.
1107 2512 1141 2548 2.
1168 2511 1298 2547 abbas
1325 2510 1579 2547 addArnas.
1656 2514 1717 2546 est

64 2580 141 2605 om.
176 2571 224 2606 H.
298 2571 593 2616 Vibergensem
631 2571 664 2605 H
696 2568 795 2618 (non
829 2569 883 2617 S).
956 2571 989 2605 4.
1023 2581 1044 2604 a
1076 2567 1175 2616 (non
1210 2566 1279 2615 ab)
1312 2569 1401 2604 MH.
1478 2569 1598 2604 5——8.
1634 2567 1718 2603 Hoc

65 2627 388 2663 additamentum
433 2639 510 2663 om.
546 2628 591 2664 H.
669 2628 704 2663 5.
750 2628 908 2662 mundo
948 2626 1095 2662 scilicet
1133 2626 1271 2661 ‹iatiuo
1307 2636 1401 2661 casu
1434 2625 1715 2671 accipiendum

67 2686 133 2720 est.
198 2686 233 2721 6.
266 2685 417 2721 duceni
449 2685 594 2730 scripsi
623 2685 860 2720 assonanlia
889 2685 1137 2730 postulant&
1169 2683 1337 2718 ducenti
1364 2683 1413 2718 M.
1476 2684 1510 2719 9.
1538 2683 1642 2718 Orre
1671 2683 1717 2722 H,

66 2741 133 2776 sed
162 2741 306 2778 scribd.
338 2745 426 2777 erat
456 2743 577 2787 Erre,
611 2742 651 2777 in
685 2752 814 2787 marq,
851 2742 902 2777 H:
937 2742 1056 2777 Eroe.
1138 2740 1312 2775 12—-13.
1347 2740 1457 2775 filius
1491 2740 1635 2786 Stigoti
1671 2740 1715 2774 H.

70 2798 119 2833 13
152 2809 233 2845 sqq.
280 2798 417 2841 Verba,
460 2798 605 2844 quibus
638 2809 733 2834 usus
765 2800 821 2834 est
851 2801 1003 2841 auctor,
1052 2797 1268 2833 ostendunt
1297 2807 1386 2832 eum
1422 2797 1560 2843 Ieyisse
1593 2797 1715 2832 vitam

67 2854 102 2890 S.
135 2855 353 2901 Francisci,
401 2867 524 2902 quam
562 2855 737 2891 Thomas
779 2856 826 2891 dc
860 2856 1008 2891 Gelono
1039 2854 1300 2900 0011scripsit;
1346 2853 1417 2899 cfr.
1452 2855 1549 2889 Acta
1582 2854 1714 2889 Sanct.

68 2911 140 2947 sub
180 2913 244 2949 die
282 2913 346 2949 JV.
384 2912 563 2949 Octobris
601 2923 640 2958 ρ.
676 2913 765 2957 699,
805 2914 826 2958 ἕ
860 2912 1033 2948 57—59.
1108 2911 1364 2957 Sequentiam
1412 2910 1459 2946 de
1499 2911 1717 2946 ancisco

70 2968 189 3004 habel
227 2969 375 3006 Drcves
418 2970 458 3005 in
488 2969 608 3005 Αηαῖ.
643 2969 795 3016 Hymn.
838 2970 911 3005 vol.
943 2969 975 3004 X
1004 2980 1043 3015 p.
1079 2968 1250 3005 176ffi7.
1331 2968 1391 3003 15.
1432 2967 1646 3003 Nonarum
1688 2967 1715 3002 S

69 3026 105 3060 et
140 3025 233 3070 fort.
278 3028 325 3063 H.
403 3038 439 3072 p.
474 3027 820 3068 59,16—60‚13.
870 3025 1239 3071 (Beatus..choro
1278 3025 1509 3069 celestium)
1548 3035 1626 3060 om.
1670 3024 1715 3059 H.

72 3082 135 3118 26.
166 3084 463 3130 consignanter
488 3084 533 3129 C,
564 3094 666 3119 corr.
684 3083 830 3119 Arnas.
893 3084 955 3119 27.
989 3083 1217 3119 resultante
1239 3081 1401 3128 scripsi3
1433 3081 1637 3117 resultant
1664 3081 1714 3116 Μ.
