2242 3551
451 216 510 244 DE
543 215 825 244 ExvasloNE
857 216 1070 245 FRATRVM
1103 215 1312 244 MxNORVM
1627 205 1710 244 339

55 335 220 371 sturus.
284 330 419 380 Quod
453 341 559 369 cum
593 329 861 382 proconsuli
893 330 1142 371 indicasset
1173 329 1306 383 eique
1338 330 1492 370 claues
1525 329 1705 370 interim

53 403 396 444 conseruandas
429 401 682 453 obtulisset,
714 402 760 442 id
793 402 892 442 fieri
925 415 1220 456 nequaquam
1254 415 1389 455 posse
1421 401 1532 442 citra
1563 401 1709 455 ipsius

53 474 294 527 guardiani
319 478 361 515 et
384 474 577 515 fratrum
604 474 782 527 cenobij
815 474 1021 515 eiusdem
1047 475 1295 516 discrimen
1322 474 1530 524 asseruit,
1562 479 1608 516 vt
1631 474 1709 527 qui

52 547 244 600 fugiens,
282 560 376 588 non
408 547 660 600 prouidens
692 549 813 599 regie
845 547 1098 587 maiestatis
1130 547 1367 599 ministris,
1388 581 1394 588 .
1416 580 1423 588 .
1445 581 1452 588 .
1474 547 1710 588 Remansit

52 620 188 672 igitur
218 619 266 660 in
291 620 573 661 monasterio
598 632 703 660 cum
730 619 949 660 fratribus
974 620 1271 671 guardianus,
1304 633 1539 673 exponens
1563 633 1707 660 vnum

52 706 135 746 pro
168 692 289 733 victu
323 692 526 733 calicem.
592 692 768 732 Interea
801 696 955 732 autem
988 693 1272 744 guardianus
1304 693 1424 745 regie
1456 692 1707 732 maiestatis

51 764 164 818 adijt
216 765 495 818 presentiam
545 765 786 816 Hafniam,
848 777 873 804 a
929 778 1019 819 quo
1073 765 1246 805 litteras
1299 766 1481 805 clausas
1532 765 1708 806 habuit.

52 837 233 888 Quibus
265 837 535 889 Viburgiam
569 838 753 890 perlatis
787 841 829 878 et
860 850 1017 878 coram
1051 838 1233 878 ciuibus
1266 838 1408 890 lectis,
1451 838 1613 878 fratres
1654 839 1709 878 de

52 910 246 950 cenobio
279 923 363 951 suo
396 910 536 962 fugati
570 911 777 960 fuerunt3
820 915 1022 951 ceterum
1063 923 1155 964 quo
1187 910 1286 951 iure
1318 914 1361 950 et
1391 924 1482 964 qua
1514 911 1708 963 iusticia,

52 982 204 1023 videat
242 986 284 1023 et
324 983 495 1024 iudicet
525 983 791 1023 altissimus.
856 983 951 1024 Hec
989 983 1143 1023 retulit
1180 983 1311 1035 mihi,
1359 983 1485 1024 fratri
1516 983 1708 1034 Jacobo,

49 1055 289 1096 reuerendi
337 1055 478 1109 patris
526 1055 723 1095 ministri
772 1055 918 1108 socio,
978 1055 1211 1109 predictus
1258 1056 1535 1096 venerabilis
1581 1060 1709 1109 pater

50 1128 187 1169 frater
233 1128 453 1169 Nicolaus
499 1128 646 1182 Tybo,
697 1132 809 1169 tunc
854 1129 1138 1181 guardianus
1184 1128 1403 1169 antedicti
1449 1133 1707 1169 conuentus

49 1200 364 1252 Viburgensis,
396 1213 523 1242 nunc
552 1213 661 1241 vero
694 1200 1081 1253 viceguardianus
1114 1201 1340 1255 Ripensis.

333 1377 441 1431 Cap.
477 1377 554 1418 III.
620 1377 694 1418 De
728 1377 1031 1419 Conuentu
1063 1378 1430 1432 Tynderensi.

142 1449 309 1528 Anno
341 1485 400 1526 ab
431 1484 750 1526 incarnatione
775 1485 954 1525 domini
980 1485 1288 1526 nostriJhesu
1308 1485 1707 1537 Christim.1>.xxx.,

49 1558 168 1599 circa
208 1564 422 1599 octauam
462 1557 563 1598 festi
596 1557 862 1598 Natiuitatis
903 1557 1091 1599 domine
1130 1562 1286 1598 nostre
1326 1558 1516 1610 virginis
1550 1558 1706 1610 Marie,

49 1644 155 1672 cum
202 1644 281 1671 rex
328 1630 619 1681 Fredericus,
680 1629 818 1670 frater
864 1631 981 1683 regis
1026 1630 1242 1682 Joannis,
1303 1632 1541 1685 quondam
1588 1631 1706 1683 regis

50 1697 210 1756 Danie,
240 1703 391 1744 Suetie
416 1707 458 1744 et
477 1702 703 1755 Noruegie
729 1707 826 1755 etc.,
859 1703 1124 1744 aduenisset
1142 1703 1407 1757 Tynderam
1432 1704 1480 1744 in
1503 1708 1705 1744 castrum

49 1790 200 1827 suum,
247 1776 485 1817 habuisset
523 1789 708 1830 quoque
750 1776 1025 1817 concionem
1065 1776 1380 1817 Lutheranam
1421 1790 1502 1817 seu
1540 1777 1705 1817 Luthe-

48 1849 255 1890 ranicam
298 1861 455 1890 coram
496 1861 543 1889 se
581 1848 628 1888 in
669 1861 797 1889 sacra
839 1849 921 1889 ede
961 1848 1068 1889 diue
1107 1848 1298 1901 virginis
1339 1849 1481 1890 Marie
1522 1849 1704 1891 cenobii

48 1922 207 1975 nostri,
238 1925 432 1976 postque
465 1920 671 1962 auditam
705 1921 979 1962 concionem
1012 1921 1282 1975 spatiaretur
1306 1922 1354 1962 in
1378 1923 1536 1973 choro,
1568 1922 1705 1963 frater

1736 626 1755 657 5

1736 990 1779 1022 10

1736 1496 1778 1527 15

1731 1861 1774 1893 20

49 1995 268 2057 Nicolaus
286 1995 432 2048 Tybo,
466 1998 576 2034 tunc
600 1993 773 2034 ibidem
799 1993 1080 2046 guardianus
1107 1994 1356 2045 institutus,
1389 1994 1502 2035 adiit
1532 1995 1703 2047 regiam
1728 2045 1731 2049 ι

49 2067 350 2119 maiestatem,
384 2070 541 2120 petens
574 2079 714 2119 quam
748 2066 1025 2118 humillime,
1059 2070 1106 2107 vt
1137 2066 1294 2107 fratres
1327 2066 1500 2108 ibidem
1533 2067 1705 2109 morari

49 2143 237 2193 possent
275 2141 331 2180 ad
374 2139 671 2180 seruiendum
713 2139 814 2186 deo,
862 2139 979 2179 sicut
1018 2139 1242 2179 hactenus
1286 2140 1452 2180 morati
1498 2140 1703 2181 fuissent.

49 2212 154 2265 Qui,
186 2216 399 2253 auertens
431 2225 478 2252 se
510 2212 575 2252 ab
601 2224 668 2263 eo,
702 2211 815 2252 dixit
847 2224 959 2263 sese,
991 2215 1241 2265 antequam
1275 2211 1381 2252 inde
1413 2217 1630 2265 pergeret,
1666 2213 1704 2253 ei

48 2285 137 2325 hoc
168 2285 551 2337 significaturum.
610 2285 881 2324 Manserunt
911 2284 1048 2336 igitur
1079 2284 1214 2337 pauci
1248 2284 1410 2325 fratres
1441 2286 1596 2326 adhuc
1626 2298 1706 2339 per

49 2357 225 2411 aliquot
263 2357 360 2398 dies
399 2358 446 2397 in
485 2356 693 2408 cenobio,
741 2360 1031 2410 expectantes
1067 2357 1320 2397 voluntatis
1350 2357 1471 2409 regie
1501 2357 1705 2398 insinua-

47 2430 234 2470 tionem.
291 2430 406 2470 Ante
439 2429 562 2469 enim
594 2429 711 2481 regis
744 2430 999 2470 aduentum
1033 2429 1294 2482 cenobium,
1328 2435 1477 2483 preter
1507 2431 1702 2471 chorum

49 2505 90 2542 et
121 2502 445 2543 dormitorium
479 2506 521 2542 et
551 2502 812 2542 refectionis
845 2502 1076 2554 locellum,
1108 2515 1133 2542 a
1167 2503 1359 2542 domino
1392 2502 1528 2543 castri
1557 2502 1705 2543 fuerat

49 2578 341 2627 occupatum,
389 2578 431 2615 et
476 2574 692 2615 victualia
740 2575 876 2615 castri
922 2575 1016 2615 illic
1054 2574 1216 2628 posita.
1281 2574 1397 2616 Cum
1445 2575 1581 2627 igitur
1626 2589 1704 2616 rex

136 2684 170 2720 4.
202 2683 379 2730 fugiens,
425 2695 509 2719 non
542 2685 794 2730 prouidens:
840 2684 928 2720 Jzoec
965 2685 1114 2720 scilicet
1142 2684 1190 2720 de
1220 2685 1455 2731 quas-diano
1483 2686 1705 2730 proconsul

51 2740 224 2787 intellegi
270 2741 417 2786 voluit;
468 2741 536 2777 sed
578 2743 673 2787 post
716 2742 922 2777 ministris
969 2743 1010 2778 in
1056 2742 1139 2787 fine
1183 2742 1388 2777 sentenlioe
1434 2745 1705 2788 reputaretur

49 2798 241 2834 excidisse
271 2798 462 2844 suspicor.
527 2799 646 2834 6—7.
680 2799 939 2844 guardianus
965 2810 996 2835 r.
1021 2811 1074 2835 m.
1101 2811 1134 2835 a.
1160 2810 1198 2845 p.
1225 2798 1318 2843 BC;
1350 2799 1419 2834 sed
1450 2809 1585 2834 errore
1606 2799 1700 2846 fort.

49 2855 305 2900 guardianus
323 2867 402 2901 pro
425 2855 656 2902 proconsul
678 2856 874 2902 scriptum
900 2858 964 2893 est.
1028 2857 1062 2893 7.
1087 2856 1282 2892 Hafniam
1304 2856 1393 2901 BC;
1427 2856 1636 2892 Haffniam
1658 2858 1701 2893 K.

49 2923 71 2947 a
103 2923 188 2959 quo
221 2913 305 2956 BC,
352 2913 460 2959 quod
498 2915 601 2949 recte
638 2913 720 2948 dici
753 2916 894 2959 potest,
942 2914 1102 2949 etiamsi
1134 2914 1167 2948 K
1205 2911 1313 2961 (sicl)
1352 2913 1539 2949 addendo
1579 2925 1620 2950 se
1656 2914 1705 2950 de

49 2969 126 3005 hac
163 2968 300 3015 forma
336 2969 429 3018 (pro
468 2972 566 3016 qua)
612 2969 797 3006 dubitare
833 2971 1092 3017 siqnificuuit.
1171 2970 1232 3006 13.
1275 2971 1469 3017 Ripensis
1509 2971 1575 3007 &c
1618 2971 1700 3008 BC.

52 3028 113 3062 16.
153 3028 548 3063 octauam..Marie
570 3041 614 3058 =
640 3027 702 3064 15.
734 3027 989 3074 Septembris.
1068 3029 1130 3063 21.
1172 3028 1380 3074 spatiatur
1412 3028 1502 3074 BC3
1546 3029 1704 3064 correxi

49 3085 310 3129 (spatia'tur).
374 3085 437 3120 25.
470 3085 522 3120 ab
555 3095 604 3120 eo
638 3085 671 3119 Β
703 3087 741 3120 et
770 3085 803 3121 C
836 3095 885 3121 ex
915 3096 1037 3130 corr.;
1070 3085 1121 3121 ab
1154 3085 1247 3131 ipso
1281 3085 1327 3121 C.

1428 3153 1494 3184 22*

1731 2222 1775 2254 25

1731 2586 1774 2616 30
