<?xml version="1.0" encoding="UTF-8"?>
<!DOCTYPE html PUBLIC "-//W3C//DTD XHTML 1.0 Transitional//EN"
    "http://www.w3.org/TR/xhtml1/DTD/xhtml1-transitional.dtd">
<html xmlns="http://www.w3.org/1999/xhtml" xml:lang="en" lang="en">
 <head>
  <title>
</title>
<meta http-equiv="Content-Type" content="text/html;charset=utf-8" />
  <meta name='ocr-system' content='tesseract 3.04.00' />
  <meta name='ocr-capabilities' content='ocr_page ocr_carea ocr_par ocr_line ocrx_word'/>
</head>
<body>
  <div class='ocr_page' id='page_1' title='image "./scriptoresminore212gert/scriptoresminore212gert_0264.png"; bbox 0 0 2242 3551; ppageno 0'>
   <div class='ocr_carea' id='block_1_1' title="bbox 478 992 517 1022">
    <p class='ocr_par' dir='ltr' id='par_1_1' title="bbox 478 992 517 1022">
     <span class='ocr_line' id='line_1_1' title="bbox 478 992 517 1022; baseline 0 0"><span class='ocrx_word' id='word_1_1' title='bbox 478 992 517 1022; x_wconf 90' lang='lat'>10</span> 
     </span>
    </p>
   </div>
   <div class='ocr_carea' id='block_1_2' title="bbox 474 1407 515 1437">
    <p class='ocr_par' dir='ltr' id='par_1_2' title="bbox 474 1407 515 1437">
     <span class='ocr_line' id='line_1_2' title="bbox 474 1407 515 1437; baseline 0 0"><span class='ocrx_word' id='word_1_2' title='bbox 474 1407 515 1437; x_wconf 87' lang='lat'>15</span> 
     </span>
    </p>
   </div>
   <div class='ocr_carea' id='block_1_3' title="bbox 471 1770 513 1800">
    <p class='ocr_par' dir='ltr' id='par_1_3' title="bbox 471 1770 513 1800">
     <span class='ocr_line' id='line_1_3' title="bbox 471 1770 513 1800; baseline 0 0"><span class='ocrx_word' id='word_1_3' title='bbox 471 1770 513 1800; x_wconf 86' lang='lat'>20</span> 
     </span>
    </p>
   </div>
   <div class='ocr_carea' id='block_1_4' title="bbox 469 2132 511 2162">
    <p class='ocr_par' dir='ltr' id='par_1_4' title="bbox 469 2132 511 2162">
     <span class='ocr_line' id='line_1_4' title="bbox 469 2132 511 2162; baseline 0 0"><span class='ocrx_word' id='word_1_4' title='bbox 469 2132 511 2162; x_wconf 88' lang='lat'>25</span> 
     </span>
    </p>
   </div>
   <div class='ocr_carea' id='block_1_5' title="bbox 466 2625 508 2656">
    <p class='ocr_par' dir='ltr' id='par_1_5' title="bbox 466 2625 508 2656">
     <span class='ocr_line' id='line_1_5' title="bbox 466 2625 508 2656; baseline 0 0"><span class='ocrx_word' id='word_1_5' title='bbox 466 2625 508 2656; x_wconf 88' lang='lat'>30</span> 
     </span>
    </p>
   </div>
   <div class='ocr_carea' id='block_1_6' title="bbox 550 207 1867 249">
    <p class='ocr_par' dir='ltr' id='par_1_6' title="bbox 550 207 1867 249">
     <span class='ocr_line' id='line_1_6' title="bbox 550 207 1867 249; baseline 0.002 -3"><span class='ocrx_word' id='word_1_6' title='bbox 550 207 634 247; x_wconf 86' lang='lat'>254</span> <span class='ocrx_word' id='word_1_7' title='bbox 893 216 1167 247; x_wconf 83' lang='lat' dir='ltr'>SCRIPTORES</span> <span class='ocrx_word' id='word_1_8' title='bbox 1200 218 1427 247; x_wconf 82' lang='lat' dir='ltr'><strong>HISTORIAE</strong></span> <span class='ocrx_word' id='word_1_9' title='bbox 1460 217 1636 247; x_wconf 76' lang='lat' dir='ltr'>DANlcAE</span> <span class='ocrx_word' id='word_1_10' title='bbox 1667 218 1867 249; x_wconf 75' lang='lat' dir='ltr'>MiNoREs</span> 
     </span>
    </p>
   </div>
   <div class='ocr_carea' id='block_1_7' title="bbox 543 318 2198 1182">
    <p class='ocr_par' dir='ltr' id='par_1_7' title="bbox 543 318 2198 1182">
     <span class='ocr_line' id='line_1_7' title="bbox 550 318 2197 386; baseline 0.003 -15"><span class='ocrx_word' id='word_1_11' title='bbox 550 332 742 372; x_wconf 81' lang='lat' dir='ltr'>Litteras</span> <span class='ocrx_word' id='word_1_12' title='bbox 775 332 1052 372; x_wconf 89' lang='lat' dir='ltr'>uenerabilis</span> <span class='ocrx_word' id='word_1_13' title='bbox 1085 332 1226 385; x_wconf 89' lang='lat' dir='ltr'>patris</span> <span class='ocrx_word' id='word_1_14' title='bbox 1259 318 1440 386; x_wconf 70' lang='lat' dir='ltr'>(nostri)</span> <span class='ocrx_word' id='word_1_15' title='bbox 1479 332 1657 373; x_wconf 89' lang='lat' dir='ltr'>domini</span> <span class='ocrx_word' id='word_1_16' title='bbox 1691 333 1915 374; x_wconf 90' lang='lat' dir='ltr'>Guidonis</span> <span class='ocrx_word' id='word_1_17' title='bbox 1951 335 2197 376; x_wconf 91' lang='lat' dir='ltr'>cardinalis</span> 
     </span>
     <span class='ocr_line' id='line_1_8' title="bbox 548 404 2198 457; baseline 0.002 -13"><span class='ocrx_word' id='word_1_18' title='bbox 548 405 807 457; x_wconf 84' lang='lat' dir='ltr'>recepimus</span> <span class='ocrx_word' id='word_1_19' title='bbox 838 404 885 444; x_wconf 92' lang='lat' dir='ltr'>in</span> <span class='ocrx_word' id='word_1_20' title='bbox 926 405 1011 445; x_wconf 90' lang='lat' dir='ltr'>hec</span> <span class='ocrx_word' id='word_1_21' title='bbox 1058 405 1219 445; x_wconf 89' lang='lat' dir='ltr'>uerba:</span> <span class='ocrx_word' id='word_1_22' title='bbox 1271 406 1454 445; x_wconf 81' lang='lat' dir='ltr'><strong>»Frater</strong></span> <span class='ocrx_word' id='word_1_23' title='bbox 1496 405 1660 456; x_wconf 91' lang='lat' dir='ltr'>Guido,</span> <span class='ocrx_word' id='word_1_24' title='bbox 1706 405 1999 447; x_wconf 86' lang='lat' dir='ltr'>miseratione</span> <span class='ocrx_word' id='word_1_25' title='bbox 2039 407 2198 449; x_wconf 91' lang='lat' dir='ltr'>diuina</span> 
     </span>
     <span class='ocr_line' id='line_1_9' title="bbox 547 476 2198 530; baseline 0.002 -14"><span class='ocrx_word' id='word_1_26' title='bbox 547 477 672 517; x_wconf 76' lang='lat' dir='ltr'>&amp;c&#39;.«</span> <span class='ocrx_word' id='word_1_27' title='bbox 708 480 754 517; x_wconf 88' lang='lat' dir='ltr'>vt</span> <span class='ocrx_word' id='word_1_28' title='bbox 784 476 831 516; x_wconf 92' lang='lat' dir='ltr'>in</span> <span class='ocrx_word' id='word_1_29' title='bbox 864 476 1010 517; x_wconf 86' lang='lat' dir='ltr'>littera</span> <span class='ocrx_word' id='word_1_30' title='bbox 1044 477 1255 530; x_wconf 90' lang='lat' dir='ltr'>superius</span> <span class='ocrx_word' id='word_1_31' title='bbox 1288 477 1511 530; x_wconf 90' lang='lat' dir='ltr'>proxima.</span> <span class='ocrx_word' id='word_1_32' title='bbox 1576 477 1726 518; x_wconf 91' lang='lat' dir='ltr'>Huius</span> <span class='ocrx_word' id='word_1_33' title='bbox 1763 478 1899 529; x_wconf 91' lang='lat' dir='ltr'>igitur</span> <span class='ocrx_word' id='word_1_34' title='bbox 1930 480 2198 521; x_wconf 89' lang='lat' dir='ltr'>auctoritate</span> 
     </span>
     <span class='ocr_line' id='line_1_10' title="bbox 547 549 2198 603; baseline 0.002 -14"><span class='ocrx_word' id='word_1_35' title='bbox 547 549 753 589; x_wconf 91' lang='lat' dir='ltr'>mandati</span> <span class='ocrx_word' id='word_1_36' title='bbox 794 549 926 590; x_wconf 93' lang='lat' dir='ltr'>uobis</span> <span class='ocrx_word' id='word_1_37' title='bbox 968 549 1055 589; x_wconf 91' lang='lat' dir='ltr'>sub</span> <span class='ocrx_word' id='word_1_38' title='bbox 1094 562 1211 602; x_wconf 90' lang='lat' dir='ltr'>pena</span> <span class='ocrx_word' id='word_1_39' title='bbox 1244 549 1752 601; x_wconf 72' lang='lat' dir='ltr'>excommunicationis,</span> <span class='ocrx_word' id='word_1_40' title='bbox 1798 563 1937 603; x_wconf 88' lang='lat' dir='ltr'>quam</span> <span class='ocrx_word' id='word_1_41' title='bbox 1979 564 2033 592; x_wconf 89' lang='lat' dir='ltr'>ex</span> <span class='ocrx_word' id='word_1_42' title='bbox 2074 565 2198 593; x_wconf 93' lang='lat' dir='ltr'>nunc</span> 
     </span>
     <span class='ocr_line' id='line_1_11' title="bbox 546 621 2197 677; baseline 0.002 -15"><span class='ocrx_word' id='word_1_43' title='bbox 546 622 592 662; x_wconf 88' lang='lat' dir='ltr'>in</span> <span class='ocrx_word' id='word_1_44' title='bbox 625 634 710 662; x_wconf 92' lang='lat' dir='ltr'>uos</span> <span class='ocrx_word' id='word_1_45' title='bbox 742 621 945 674; x_wconf 85' lang='lat' dir='ltr'>ferimus,</span> <span class='ocrx_word' id='word_1_46' title='bbox 989 622 1026 662; x_wconf 91' lang='lat' dir='ltr'>si</span> <span class='ocrx_word' id='word_1_47' title='bbox 1066 622 1338 663; x_wconf 90' lang='lat' dir='ltr'>mandatum</span> <span class='ocrx_word' id='word_1_48' title='bbox 1371 626 1581 663; x_wconf 87' lang='lat' dir='ltr'>nostrum</span> <span class='ocrx_word' id='word_1_49' title='bbox 1614 622 1900 673; x_wconf 84' lang='lat' dir='ltr'>neglexeritis</span> <span class='ocrx_word' id='word_1_50' title='bbox 1932 623 2197 677; x_wconf 85' lang='lat' dir='ltr'>adimplere,</span> 
     </span>
     <span class='ocr_line' id='line_1_12' title="bbox 546 694 2197 748; baseline 0.001 -14"><span class='ocrx_word' id='word_1_51' title='bbox 546 694 680 734; x_wconf 91' lang='lat' dir='ltr'>uobis</span> <span class='ocrx_word' id='word_1_52' title='bbox 725 695 1024 743; x_wconf 81' lang='lat' dir='ltr'>mandamus,</span> <span class='ocrx_word' id='word_1_53' title='bbox 1079 695 1296 748; x_wconf 83' lang='lat' dir='ltr'>quatinus</span> <span class='ocrx_word' id='word_1_54' title='bbox 1350 695 1468 735; x_wconf 90' lang='lat' dir='ltr'>infra</span> <span class='ocrx_word' id='word_1_55' title='bbox 1515 698 1617 735; x_wconf 93' lang='lat' dir='ltr'>octo</span> <span class='ocrx_word' id='word_1_56' title='bbox 1665 694 1762 735; x_wconf 89' lang='lat' dir='ltr'>dies</span> <span class='ocrx_word' id='word_1_57' title='bbox 1808 708 1833 735; x_wconf 90' lang='lat' dir='ltr'>a</span> <span class='ocrx_word' id='word_1_58' title='bbox 1880 695 1992 735; x_wconf 91' lang='lat' dir='ltr'>uisis</span> <span class='ocrx_word' id='word_1_59' title='bbox 2038 695 2197 737; x_wconf 89' lang='lat' dir='ltr'>litteris</span> 
     </span>
     <span class='ocr_line' id='line_1_13' title="bbox 546 766 2197 821; baseline 0.001 -15"><span class='ocrx_word' id='word_1_60' title='bbox 546 766 788 807; x_wconf 90' lang='lat' dir='ltr'>dominum</span> <span class='ocrx_word' id='word_1_61' title='bbox 843 766 1139 807; x_wconf 89' lang='lat' dir='ltr'>Arusiensem</span> <span class='ocrx_word' id='word_1_62' title='bbox 1201 767 1471 820; x_wconf 92' lang='lat' dir='ltr'>episcopum</span> <span class='ocrx_word' id='word_1_63' title='bbox 1532 767 1834 820; x_wconf 87' lang='lat' dir='ltr'>personaliter</span> <span class='ocrx_word' id='word_1_64' title='bbox 1893 768 2197 821; x_wconf 89' lang='lat' dir='ltr'>peremptorie</span> 
     </span>
     <span class='ocr_line' id='line_1_14' title="bbox 545 838 2198 894; baseline 0.002 -16"><span class='ocrx_word' id='word_1_65' title='bbox 545 838 711 891; x_wconf 82' lang='lat' dir='ltr'>citetis,</span> <span class='ocrx_word' id='word_1_66' title='bbox 773 843 823 879; x_wconf 93' lang='lat' dir='ltr'>ut</span> <span class='ocrx_word' id='word_1_67' title='bbox 876 851 1033 880; x_wconf 87' lang='lat' dir='ltr'>coram</span> <span class='ocrx_word' id='word_1_68' title='bbox 1087 839 1222 880; x_wconf 91' lang='lat' dir='ltr'>nobis</span> <span class='ocrx_word' id='word_1_69' title='bbox 1270 840 1527 891; x_wconf 87' lang='lat' dir='ltr'>Flensburg</span> <span class='ocrx_word' id='word_1_70' title='bbox 1580 839 1792 892; x_wconf 87' lang='lat' dir='ltr'>proximo</span> <span class='ocrx_word' id='word_1_71' title='bbox 1850 840 2042 881; x_wconf 83' lang='lat' dir='ltr'>sabbato</span> <span class='ocrx_word' id='word_1_72' title='bbox 2095 845 2198 894; x_wconf 92' lang='lat' dir='ltr'>post</span> 
     </span>
     <span class='ocr_line' id='line_1_15' title="bbox 545 911 2197 966; baseline 0.001 -15"><span class='ocrx_word' id='word_1_73' title='bbox 545 911 842 963; x_wconf 81' lang='lat' dir='ltr'>dominicam,</span> <span class='ocrx_word' id='word_1_74' title='bbox 875 925 965 966; x_wconf 85' lang='lat' dir='ltr'>qua</span> <span class='ocrx_word' id='word_1_75' title='bbox 999 915 1209 953; x_wconf 87' lang='lat' dir='ltr'>cantatur</span> <span class='ocrx_word' id='word_1_76' title='bbox 1240 911 1468 953; x_wconf 87' lang='lat' dir='ltr'>officium:</span> <span class='ocrx_word' id='word_1_77' title='bbox 1513 912 1770 952; x_wconf 77' lang='lat' dir='ltr'>‘Inuocauit</span> <span class='ocrx_word' id='word_1_78' title='bbox 1801 916 1900 965; x_wconf 79' lang='lat' dir='ltr'>me‘,</span> <span class='ocrx_word' id='word_1_79' title='bbox 1933 925 2012 966; x_wconf 95' lang='lat' dir='ltr'>per</span> <span class='ocrx_word' id='word_1_80' title='bbox 2045 925 2091 953; x_wconf 91' lang='lat' dir='ltr'>se</span> <span class='ocrx_word' id='word_1_81' title='bbox 2124 913 2197 953; x_wconf 95' lang='lat' dir='ltr'>uel</span> 
     </span>
     <span class='ocr_line' id='line_1_16' title="bbox 545 984 2197 1038; baseline 0.001 -14"><span class='ocrx_word' id='word_1_82' title='bbox 545 996 624 1037; x_wconf 88' lang='lat' dir='ltr'>per</span> <span class='ocrx_word' id='word_1_83' title='bbox 677 988 1024 1037; x_wconf 87' lang='lat' dir='ltr'>procuratorem</span> <span class='ocrx_word' id='word_1_84' title='bbox 1071 984 1353 1025; x_wconf 88' lang='lat' dir='ltr'>sufficienter</span> <span class='ocrx_word' id='word_1_85' title='bbox 1398 985 1672 1025; x_wconf 87' lang='lat' dir='ltr'>instructum</span> <span class='ocrx_word' id='word_1_86' title='bbox 1721 989 2006 1038; x_wconf 74' lang='lat' dir='ltr'>compareat,</span> <span class='ocrx_word' id='word_1_87' title='bbox 2061 998 2197 1038; x_wconf 91' lang='lat' dir='ltr'>super</span> 
     </span>
     <span class='ocr_line' id='line_1_17' title="bbox 543 1055 2193 1110; baseline 0.001 -14"><span class='ocrx_word' id='word_1_88' title='bbox 543 1055 645 1109; x_wconf 90' lang='lat' dir='ltr'>hijs,</span> <span class='ocrx_word' id='word_1_89' title='bbox 693 1069 781 1110; x_wconf 90' lang='lat' dir='ltr'>que</span> <span class='ocrx_word' id='word_1_90' title='bbox 820 1056 930 1097; x_wconf 90' lang='lat' dir='ltr'>dicti</span> <span class='ocrx_word' id='word_1_91' title='bbox 969 1057 1114 1098; x_wconf 90' lang='lat' dir='ltr'>abbas</span> <span class='ocrx_word' id='word_1_92' title='bbox 1154 1057 1228 1098; x_wconf 90' lang='lat' dir='ltr'>uel</span> <span class='ocrx_word' id='word_1_93' title='bbox 1267 1057 1484 1098; x_wconf 91' lang='lat' dir='ltr'>monachi</span> <span class='ocrx_word' id='word_1_94' title='bbox 1525 1061 1683 1098; x_wconf 89' lang='lat' dir='ltr'>contra</span> <span class='ocrx_word' id='word_1_95' title='bbox 1723 1070 1829 1098; x_wconf 89' lang='lat' dir='ltr'>eum</span> <span class='ocrx_word' id='word_1_96' title='bbox 1869 1058 2193 1110; x_wconf 89' lang='lat' dir='ltr'>deposuerunt,</span> 
     </span>
     <span class='ocr_line' id='line_1_18' title="bbox 543 1129 2196 1182; baseline 0.001 -13"><span class='ocrx_word' id='word_1_97' title='bbox 543 1129 740 1181; x_wconf 83' lang='lat' dir='ltr'>legitime</span> <span class='ocrx_word' id='word_1_98' title='bbox 772 1142 1092 1182; x_wconf 89' lang='lat' dir='ltr'>responsurus.</span> <span class='ocrx_word' id='word_1_99' title='bbox 1145 1129 1195 1170; x_wconf 86' lang='lat' dir='ltr'>[n</span> <span class='ocrx_word' id='word_1_100' title='bbox 1228 1129 1410 1182; x_wconf 86' lang='lat' dir='ltr'>signum</span> <span class='ocrx_word' id='word_1_101' title='bbox 1445 1130 1578 1170; x_wconf 90' lang='lat' dir='ltr'>etiam</span> <span class='ocrx_word' id='word_1_102' title='bbox 1614 1129 1844 1170; x_wconf 92' lang='lat' dir='ltr'>citationis</span> <span class='ocrx_word' id='word_1_103' title='bbox 1876 1130 1992 1170; x_wconf 85' lang='lat' dir='ltr'>facte</span> <span class='ocrx_word' id='word_1_104' title='bbox 2023 1130 2196 1171; x_wconf 92' lang='lat' dir='ltr'>reddite</span> 
     </span>
    </p>
   </div>
   <div class='ocr_carea' id='block_1_8' title="bbox 1987 1188 2165 1209">
    <p class='ocr_par' dir='ltr' id='par_1_8' title="bbox 1987 1188 2165 1209">
     <span class='ocr_line' id='line_1_19' title="bbox 1987 1188 2165 1209; baseline 0 0"><span class='ocrx_word' id='word_1_105' title='bbox 1987 1188 2165 1209; x_wconf 87' lang='lat'>0000</span> 
     </span>
    </p>
   </div>
   <div class='ocr_carea' id='block_1_9' title="bbox 541 1200 2194 1328">
    <p class='ocr_par' dir='ltr' id='par_1_9' title="bbox 541 1200 2194 1328">
     <span class='ocr_line' id='line_1_20' title="bbox 542 1200 2194 1254; baseline 0.002 -14"><span class='ocrx_word' id='word_1_106' title='bbox 542 1200 714 1241; x_wconf 90' lang='lat' dir='ltr'>litteras</span> <span class='ocrx_word' id='word_1_107' title='bbox 747 1201 894 1253; x_wconf 89' lang='lat' dir='ltr'>sigillo</span> <span class='ocrx_word' id='word_1_108' title='bbox 927 1206 1081 1243; x_wconf 89' lang='lat' dir='ltr'>uestro</span> <span class='ocrx_word' id='word_1_109' title='bbox 1114 1201 1346 1254; x_wconf 90' lang='lat' dir='ltr'>sigillatas.</span> <span class='ocrx_word' id='word_1_110' title='bbox 1408 1202 1573 1242; x_wconf 90' lang='lat' dir='ltr'>Actum</span> <span class='ocrx_word' id='word_1_111' title='bbox 1606 1214 1729 1242; x_wconf 91' lang='lat' dir='ltr'>anno</span> <span class='ocrx_word' id='word_1_112' title='bbox 1761 1202 1939 1242; x_wconf 91' lang='lat' dir='ltr'>domini</span> <span class='ocrx_word' id='word_1_113' title='bbox 1979 1210 2194 1243; x_wconf 78' lang='lat' dir='ltr'>M.cc.lx.vm.</span> 
     </span>
     <span class='ocr_line' id='line_1_21' title="bbox 541 1273 1153 1328; baseline 0.003 -15"><span class='ocrx_word' id='word_1_114' title='bbox 541 1273 588 1313; x_wconf 92' lang='lat' dir='ltr'>in</span> <span class='ocrx_word' id='word_1_115' title='bbox 620 1273 692 1314; x_wconf 91' lang='lat' dir='ltr'>die</span> <span class='ocrx_word' id='word_1_116' title='bbox 727 1274 863 1327; x_wconf 88' lang='lat' dir='ltr'>Blasij</span> <span class='ocrx_word' id='word_1_117' title='bbox 900 1275 1153 1328; x_wconf 73' lang='lat' dir='ltr'>martyris«</span> 
     </span>
    </p>
   </div>
   <div class='ocr_carea' id='block_1_10' title="bbox 537 1361 2193 2321">
    <p class='ocr_par' dir='ltr' id='par_1_10' title="bbox 537 1361 2193 2321">
     <span class='ocr_line' id='line_1_22' title="bbox 627 1361 2193 1452; baseline 0.001 -16"><span class='ocrx_word' id='word_1_118' title='bbox 627 1394 796 1451; x_wconf 91' lang='lat' dir='ltr'>(XLII.)</span> <span class='ocrx_word' id='word_1_119' title='bbox 864 1361 995 1450; x_wconf 88' lang='lat' dir='ltr'>Hijs</span> <span class='ocrx_word' id='word_1_120' title='bbox 1028 1397 1268 1450; x_wconf 88' lang='lat' dir='ltr'>perceptis,</span> <span class='ocrx_word' id='word_1_121' title='bbox 1300 1398 1544 1452; x_wconf 91' lang='lat' dir='ltr'>episcopus</span> <span class='ocrx_word' id='word_1_122' title='bbox 1580 1397 1699 1451; x_wconf 91' lang='lat' dir='ltr'>cepit</span> <span class='ocrx_word' id='word_1_123' title='bbox 1731 1396 1880 1438; x_wconf 89' lang='lat' dir='ltr'>furere</span> <span class='ocrx_word' id='word_1_124' title='bbox 1912 1401 1953 1437; x_wconf 84' lang='lat' dir='ltr'>et</span> <span class='ocrx_word' id='word_1_125' title='bbox 1978 1397 2193 1449; x_wconf 83' lang='lat' dir='ltr'>insanire,</span> 
     </span>
     <span class='ocr_line' id='line_1_23' title="bbox 541 1468 2193 1522; baseline 0.001 -13"><span class='ocrx_word' id='word_1_126' title='bbox 541 1481 594 1510; x_wconf 90' lang='lat' dir='ltr'>ac</span> <span class='ocrx_word' id='word_1_127' title='bbox 640 1468 678 1509; x_wconf 90' lang='lat' dir='ltr'>si</span> <span class='ocrx_word' id='word_1_128' title='bbox 724 1469 853 1522; x_wconf 90' lang='lat' dir='ltr'>prius</span> <span class='ocrx_word' id='word_1_129' title='bbox 892 1482 986 1510; x_wconf 90' lang='lat' dir='ltr'>non</span> <span class='ocrx_word' id='word_1_130' title='bbox 1025 1469 1343 1521; x_wconf 72' lang='lat' dir='ltr'>insaniuisset,</span> <span class='ocrx_word' id='word_1_131' title='bbox 1390 1470 1590 1511; x_wconf 91' lang='lat' dir='ltr'>fremens</span> <span class='ocrx_word' id='word_1_132' title='bbox 1637 1482 1691 1510; x_wconf 92' lang='lat' dir='ltr'>ac</span> <span class='ocrx_word' id='word_1_133' title='bbox 1736 1469 1952 1510; x_wconf 90' lang='lat' dir='ltr'>dentibus</span> <span class='ocrx_word' id='word_1_134' title='bbox 1998 1469 2193 1510; x_wconf 91' lang='lat' dir='ltr'>stridens</span> 
     </span>
     <span class='ocr_line' id='line_1_24' title="bbox 541 1542 2192 1597; baseline -0.001 -14"><span class='ocrx_word' id='word_1_135' title='bbox 541 1542 667 1583; x_wconf 87' lang='lat' dir='ltr'>uenit</span> <span class='ocrx_word' id='word_1_136' title='bbox 697 1542 755 1582; x_wconf 90' lang='lat' dir='ltr'>ad</span> <span class='ocrx_word' id='word_1_137' title='bbox 787 1552 939 1593; x_wconf 88' lang='lat' dir='ltr'>regem</span> <span class='ocrx_word' id='word_1_138' title='bbox 964 1543 1221 1596; x_wconf 87' lang='lat' dir='ltr'>querelans,</span> <span class='ocrx_word' id='word_1_139' title='bbox 1253 1556 1511 1597; x_wconf 86' lang='lat' dir='ltr'>numquam</span> <span class='ocrx_word' id='word_1_140' title='bbox 1536 1543 1737 1596; x_wconf 90' lang='lat' dir='ltr'>aliquem</span> <span class='ocrx_word' id='word_1_141' title='bbox 1762 1542 2032 1596; x_wconf 89' lang='lat' dir='ltr'>episcopum</span> <span class='ocrx_word' id='word_1_142' title='bbox 2055 1542 2192 1583; x_wconf 89' lang='lat' dir='ltr'>talem</span> 
     </span>
     <span class='ocr_line' id='line_1_25' title="bbox 540 1613 2192 1669; baseline 0.001 -15"><span class='ocrx_word' id='word_1_143' title='bbox 540 1618 619 1654; x_wconf 90' lang='lat' dir='ltr'>aut</span> <span class='ocrx_word' id='word_1_144' title='bbox 649 1618 824 1655; x_wconf 89' lang='lat' dir='ltr'>tantam</span> <span class='ocrx_word' id='word_1_145' title='bbox 857 1613 1075 1655; x_wconf 90' lang='lat' dir='ltr'>iniuriam</span> <span class='ocrx_word' id='word_1_146' title='bbox 1109 1628 1379 1669; x_wconf 88' lang='lat' dir='ltr'>perpessum</span> <span class='ocrx_word' id='word_1_147' title='bbox 1411 1615 1566 1667; x_wconf 86' lang='lat' dir='ltr'>fuisse,</span> <span class='ocrx_word' id='word_1_148' title='bbox 1598 1615 1781 1669; x_wconf 84' lang='lat' dir='ltr'>qualern</span> <span class='ocrx_word' id='word_1_149' title='bbox 1815 1615 1912 1668; x_wconf 90' lang='lat' dir='ltr'>ipse</span> <span class='ocrx_word' id='word_1_150' title='bbox 1945 1615 2002 1655; x_wconf 90' lang='lat' dir='ltr'>ab</span> <span class='ocrx_word' id='word_1_151' title='bbox 2028 1614 2192 1655; x_wconf 90' lang='lat' dir='ltr'>abbate</span> 
     </span>
     <span class='ocr_line' id='line_1_26' title="bbox 541 1686 2191 1740; baseline 0.001 -14"><span class='ocrx_word' id='word_1_152' title='bbox 541 1691 582 1726; x_wconf 85' lang='lat' dir='ltr'>et</span> <span class='ocrx_word' id='word_1_153' title='bbox 613 1686 856 1727; x_wconf 89' lang='lat' dir='ltr'>monachis</span> <span class='ocrx_word' id='word_1_154' title='bbox 887 1687 943 1727; x_wconf 92' lang='lat' dir='ltr'>de</span> <span class='ocrx_word' id='word_1_155' title='bbox 976 1686 1066 1728; x_wconf 74' lang='grc' dir='ltr'>ΘΠ]</span> <span class='ocrx_word' id='word_1_156' title='bbox 1100 1688 1404 1729; x_wconf 89' lang='lat' dir='ltr'>sustinuisset.</span> <span class='ocrx_word' id='word_1_157' title='bbox 1467 1689 1581 1729; x_wconf 89' lang='lat' dir='ltr'>Item</span> <span class='ocrx_word' id='word_1_158' title='bbox 1622 1688 1744 1729; x_wconf 90' lang='lat' dir='ltr'>idem</span> <span class='ocrx_word' id='word_1_159' title='bbox 1788 1687 2032 1740; x_wconf 89' lang='lat' dir='ltr'>episcopus</span> <span class='ocrx_word' id='word_1_160' title='bbox 2064 1699 2191 1727; x_wconf 90' lang='lat' dir='ltr'>accu-</span> 
     </span>
     <span class='ocr_line' id='line_1_27' title="bbox 541 1759 2191 1813; baseline 0 -14"><span class='ocrx_word' id='word_1_161' title='bbox 541 1759 660 1800; x_wconf 89' lang='lat' dir='ltr'>sauit</span> <span class='ocrx_word' id='word_1_162' title='bbox 691 1759 905 1799; x_wconf 90' lang='lat' dir='ltr'>abbatem</span> <span class='ocrx_word' id='word_1_163' title='bbox 939 1759 1208 1812; x_wconf 86' lang='lat' dir='ltr'>specialiter,</span> <span class='ocrx_word' id='word_1_164' title='bbox 1256 1760 1413 1801; x_wconf 91' lang='lat' dir='ltr'>dicens</span> <span class='ocrx_word' id='word_1_165' title='bbox 1455 1773 1560 1801; x_wconf 89' lang='lat' dir='ltr'>eum</span> <span class='ocrx_word' id='word_1_166' title='bbox 1606 1760 1772 1801; x_wconf 90' lang='lat' dir='ltr'>honori</span> <span class='ocrx_word' id='word_1_167' title='bbox 1804 1760 1926 1812; x_wconf 87' lang='lat' dir='ltr'>regio</span> <span class='ocrx_word' id='word_1_168' title='bbox 1958 1763 2070 1813; x_wconf 90' lang='lat' dir='ltr'>aput</span> <span class='ocrx_word' id='word_1_169' title='bbox 2101 1772 2191 1800; x_wconf 90' lang='lat' dir='ltr'>car-</span> 
     </span>
     <span class='ocr_line' id='line_1_28' title="bbox 539 1832 2188 1886; baseline -0.001 -14"><span class='ocrx_word' id='word_1_170' title='bbox 539 1832 740 1872; x_wconf 87' lang='lat' dir='ltr'>dinalem</span> <span class='ocrx_word' id='word_1_171' title='bbox 774 1833 973 1883; x_wconf 88' lang='lat' dir='ltr'>legatum</span> <span class='ocrx_word' id='word_1_172' title='bbox 1007 1833 1262 1885; x_wconf 79' lang='lat' dir='ltr'>derogasse,</span> <span class='ocrx_word' id='word_1_173' title='bbox 1311 1834 1441 1874; x_wconf 91' lang='lat' dir='ltr'>Vnde</span> <span class='ocrx_word' id='word_1_174' title='bbox 1467 1833 1712 1886; x_wconf 90' lang='lat' dir='ltr'>episcopus</span> <span class='ocrx_word' id='word_1_175' title='bbox 1741 1844 1894 1885; x_wconf 89' lang='lat' dir='ltr'>regem</span> <span class='ocrx_word' id='word_1_176' title='bbox 1926 1833 1984 1872; x_wconf 90' lang='lat' dir='ltr'>ad</span> <span class='ocrx_word' id='word_1_177' title='bbox 2016 1836 2188 1872; x_wconf 90' lang='lat' dir='ltr'>tantam</span> 
     </span>
     <span class='ocr_line' id='line_1_29' title="bbox 538 1904 2190 1959; baseline 0.001 -15"><span class='ocrx_word' id='word_1_178' title='bbox 538 1904 679 1945; x_wconf 78' lang='lat' dir='ltr'>illexit</span> <span class='ocrx_word' id='word_1_179' title='bbox 708 1904 1012 1957; x_wconf 88' lang='lat' dir='ltr'>iracundiam,</span> <span class='ocrx_word' id='word_1_180' title='bbox 1045 1909 1095 1945; x_wconf 92' lang='lat' dir='ltr'>ut</span> <span class='ocrx_word' id='word_1_181' title='bbox 1118 1905 1498 1959; x_wconf 88' lang='lat' dir='ltr'>dilapidationem</span> <span class='ocrx_word' id='word_1_182' title='bbox 1524 1906 1734 1946; x_wconf 92' lang='lat' dir='ltr'>omnium</span> <span class='ocrx_word' id='word_1_183' title='bbox 1762 1906 1991 1946; x_wconf 90' lang='lat' dir='ltr'>bonorum</span> <span class='ocrx_word' id='word_1_184' title='bbox 2017 1908 2190 1945; x_wconf 91' lang='lat' dir='ltr'>nostro-</span> 
     </span>
     <span class='ocr_line' id='line_1_30' title="bbox 538 1976 2189 2032; baseline 0 -15"><span class='ocrx_word' id='word_1_185' title='bbox 538 1990 642 2017; x_wconf 89' lang='lat' dir='ltr'>rum</span> <span class='ocrx_word' id='word_1_186' title='bbox 675 1977 809 2018; x_wconf 92' lang='lat' dir='ltr'>nobis</span> <span class='ocrx_word' id='word_1_187' title='bbox 841 1976 1107 2029; x_wconf 87' lang='lat' dir='ltr'>minaretur,</span> <span class='ocrx_word' id='word_1_188' title='bbox 1139 1978 1228 2018; x_wconf 91' lang='lat' dir='ltr'>nisi</span> <span class='ocrx_word' id='word_1_189' title='bbox 1260 1978 1349 2019; x_wconf 90' lang='lat' dir='ltr'>cito</span> <span class='ocrx_word' id='word_1_190' title='bbox 1382 1978 1600 2032; x_wconf 89' lang='lat' dir='ltr'>episcopo</span> <span class='ocrx_word' id='word_1_191' title='bbox 1633 1979 1688 2018; x_wconf 89' lang='lat' dir='ltr'>de</span> <span class='ocrx_word' id='word_1_192' title='bbox 1720 1978 1903 2030; x_wconf 81' lang='lat' dir='ltr'>iniuria,</span> <span class='ocrx_word' id='word_1_193' title='bbox 1936 1990 2077 2031; x_wconf 91' lang='lat' dir='ltr'>quam</span> <span class='ocrx_word' id='word_1_194' title='bbox 2104 1977 2189 2017; x_wconf 92' lang='lat' dir='ltr'>sibi</span> 
     </span>
     <span class='ocr_line' id='line_1_31' title="bbox 538 2049 2188 2103; baseline 0 -14"><span class='ocrx_word' id='word_1_195' title='bbox 538 2049 733 2090; x_wconf 91' lang='lat' dir='ltr'>asseruit</span> <span class='ocrx_word' id='word_1_196' title='bbox 764 2061 788 2089; x_wconf 90' lang='lat' dir='ltr'>a</span> <span class='ocrx_word' id='word_1_197' title='bbox 822 2050 956 2091; x_wconf 92' lang='lat' dir='ltr'>nobis</span> <span class='ocrx_word' id='word_1_198' title='bbox 987 2050 1177 2103; x_wconf 80' lang='lat' dir='ltr'>illatam,</span> <span class='ocrx_word' id='word_1_199' title='bbox 1210 2050 1593 2092; x_wconf 85' lang='lat' dir='ltr'>satisfaceremus.</span> <span class='ocrx_word' id='word_1_200' title='bbox 1641 2050 1808 2091; x_wconf 89' lang='lat' dir='ltr'>Abbati</span> <span class='ocrx_word' id='word_1_201' title='bbox 1833 2050 1971 2092; x_wconf 92' lang='lat' dir='ltr'>etiam</span> <span class='ocrx_word' id='word_1_202' title='bbox 1998 2049 2188 2091; x_wconf 91' lang='lat' dir='ltr'>omnino</span> 
     </span>
     <span class='ocr_line' id='line_1_32' title="bbox 540 2122 2187 2176; baseline -0.001 -14"><span class='ocrx_word' id='word_1_203' title='bbox 540 2122 804 2163; x_wconf 88' lang='lat' dir='ltr'>minabatur</span> <span class='ocrx_word' id='word_1_204' title='bbox 835 2136 912 2163; x_wconf 89' lang='lat' dir='ltr'>rex</span> <span class='ocrx_word' id='word_1_205' title='bbox 944 2123 1271 2176; x_wconf 86' lang='lat' dir='ltr'>captiuitatem.</span> <span class='ocrx_word' id='word_1_206' title='bbox 1334 2124 1465 2165; x_wconf 91' lang='lat' dir='ltr'>Vnde</span> <span class='ocrx_word' id='word_1_207' title='bbox 1504 2123 1722 2164; x_wconf 90' lang='lat' dir='ltr'>dominus</span> <span class='ocrx_word' id='word_1_208' title='bbox 1761 2123 1904 2164; x_wconf 89' lang='lat' dir='ltr'>abbas</span> <span class='ocrx_word' id='word_1_209' title='bbox 1938 2124 2187 2175; x_wconf 90' lang='lat' dir='ltr'>deprecans</span> 
     </span>
     <span class='ocr_line' id='line_1_33' title="bbox 538 2195 2186 2248; baseline 0.001 -14"><span class='ocrx_word' id='word_1_210' title='bbox 538 2207 699 2235; x_wconf 91' lang='lat' dir='ltr'>omnes</span> <span class='ocrx_word' id='word_1_211' title='bbox 732 2195 978 2236; x_wconf 87' lang='lat' dir='ltr'>coabbates</span> <span class='ocrx_word' id='word_1_212' title='bbox 1011 2196 1165 2248; x_wconf 86' lang='lat' dir='ltr'>Dacie,</span> <span class='ocrx_word' id='word_1_213' title='bbox 1214 2200 1262 2237; x_wconf 90' lang='lat' dir='ltr'>ut</span> <span class='ocrx_word' id='word_1_214' title='bbox 1301 2209 1407 2237; x_wconf 91' lang='lat' dir='ltr'>eum</span> <span class='ocrx_word' id='word_1_215' title='bbox 1446 2197 1501 2237; x_wconf 91' lang='lat' dir='ltr'>de</span> <span class='ocrx_word' id='word_1_216' title='bbox 1542 2195 1813 2236; x_wconf 90' lang='lat' dir='ltr'>huiusmodi</span> <span class='ocrx_word' id='word_1_217' title='bbox 1845 2195 2088 2236; x_wconf 88' lang='lat' dir='ltr'>mendacio</span> <span class='ocrx_word' id='word_1_218' title='bbox 2121 2206 2186 2235; x_wconf 88' lang='lat' dir='ltr'>ex-</span> 
     </span>
     <span class='ocr_line' id='line_1_34' title="bbox 537 2267 1791 2321; baseline 0.001 -14"><span class='ocrx_word' id='word_1_219' title='bbox 537 2271 762 2308; x_wconf 90' lang='lat' dir='ltr'>cusarent.</span> <span class='ocrx_word' id='word_1_220' title='bbox 826 2267 916 2317; x_wconf 85' lang='lat' dir='ltr'>Qui</span> <span class='ocrx_word' id='word_1_221' title='bbox 949 2268 1231 2321; x_wconf 91' lang='lat' dir='ltr'>scripserunt</span> <span class='ocrx_word' id='word_1_222' title='bbox 1262 2269 1354 2321; x_wconf 88' lang='lat' dir='ltr'>regi</span> <span class='ocrx_word' id='word_1_223' title='bbox 1387 2269 1473 2309; x_wconf 90' lang='lat' dir='ltr'>sub</span> <span class='ocrx_word' id='word_1_224' title='bbox 1506 2269 1593 2310; x_wconf 80' lang='lat' dir='ltr'>hac</span> <span class='ocrx_word' id='word_1_225' title='bbox 1625 2268 1791 2309; x_wconf 89' lang='lat' dir='ltr'>forma:</span> 
     </span>
    </p>
   </div>
   <div class='ocr_carea' id='block_1_11' title="bbox 852 2438 1872 2486">
    <p class='ocr_par' dir='ltr' id='par_1_11' title="bbox 852 2438 1872 2486">
     <span class='ocr_line' id='line_1_35' title="bbox 852 2438 1872 2486; baseline 0.001 -11"><span class='ocrx_word' id='word_1_226' title='bbox 852 2439 1008 2475; x_wconf 86' lang='lat' dir='ltr'>Littera</span> <span class='ocrx_word' id='word_1_227' title='bbox 1040 2438 1241 2475; x_wconf 86' lang='lat' dir='ltr'>abbatum</span> <span class='ocrx_word' id='word_1_228' title='bbox 1274 2439 1436 2475; x_wconf 88' lang='lat' dir='ltr'>ordinis</span> <span class='ocrx_word' id='word_1_229' title='bbox 1470 2440 1604 2476; x_wconf 85' lang='lat' dir='ltr'>nostri</span> <span class='ocrx_word' id='word_1_230' title='bbox 1636 2441 1688 2476; x_wconf 87' lang='lat' dir='ltr'>ad</span> <span class='ocrx_word' id='word_1_231' title='bbox 1720 2449 1872 2486; x_wconf 85' lang='lat' dir='ltr'>regem.</span> 
     </span>
    </p>
   </div>
   <div class='ocr_carea' id='block_1_12' title="bbox 533 2507 2185 2958">
    <p class='ocr_par' dir='ltr' id='par_1_12' title="bbox 533 2507 2185 2958">
     <span class='ocr_line' id='line_1_36' title="bbox 626 2507 2185 2596; baseline -0.001 -12"><span class='ocrx_word' id='word_1_232' title='bbox 626 2507 1082 2585; x_wconf 81' lang='lat' dir='ltr'>»Excellentissimo</span> <span class='ocrx_word' id='word_1_233' title='bbox 1114 2543 1306 2584; x_wconf 88' lang='lat' dir='ltr'>domino</span> <span class='ocrx_word' id='word_1_234' title='bbox 1342 2544 1420 2595; x_wconf 88' lang='lat' dir='ltr'>.E.,</span> <span class='ocrx_word' id='word_1_235' title='bbox 1454 2544 1526 2584; x_wconf 88' lang='lat' dir='ltr'>dei</span> <span class='ocrx_word' id='word_1_236' title='bbox 1558 2545 1701 2596; x_wconf 83' lang='lat' dir='ltr'>gratia</span> <span class='ocrx_word' id='word_1_237' title='bbox 1736 2545 1975 2585; x_wconf 88' lang='lat' dir='ltr'>Danorum</span> <span class='ocrx_word' id='word_1_238' title='bbox 2005 2543 2185 2584; x_wconf 87' lang='lat' dir='ltr'>Sclauo-</span> 
     </span>
     <span class='ocr_line' id='line_1_37' title="bbox 535 2601 2183 2670; baseline -0.001 -15"><span class='ocrx_word' id='word_1_239' title='bbox 535 2627 731 2668; x_wconf 86' lang='lat' dir='ltr'>rumque</span> <span class='ocrx_word' id='word_1_240' title='bbox 778 2616 889 2668; x_wconf 83' lang='lat' dir='ltr'>regi,</span> <span class='ocrx_word' id='word_1_241' title='bbox 946 2615 1226 2656; x_wconf 88' lang='lat' dir='ltr'>uniuersitas</span> <span class='ocrx_word' id='word_1_242' title='bbox 1272 2601 1494 2656; x_wconf 84' lang='lat' dir='ltr'>abbatum</span> <span class='ocrx_word' id='word_1_243' title='bbox 1542 2617 1718 2658; x_wconf 86' lang='lat' dir='ltr'>ordinis</span> <span class='ocrx_word' id='word_1_244' title='bbox 1766 2616 2092 2670; x_wconf 86' lang='lat' dir='ltr'>Cysterciensis</span> <span class='ocrx_word' id='word_1_245' title='bbox 2138 2615 2183 2654; x_wconf 92' lang='lat' dir='ltr'>in</span> 
     </span>
     <span class='ocr_line' id='line_1_38' title="bbox 535 2687 2182 2740; baseline 0.001 -14"><span class='ocrx_word' id='word_1_246' title='bbox 535 2687 677 2727; x_wconf 83' lang='lat' dir='ltr'>Dacia</span> <span class='ocrx_word' id='word_1_247' title='bbox 731 2688 994 2729; x_wconf 88' lang='lat' dir='ltr'>orationum</span> <span class='ocrx_word' id='word_1_248' title='bbox 1049 2701 1238 2728; x_wconf 90' lang='lat' dir='ltr'>suarum</span> <span class='ocrx_word' id='word_1_249' title='bbox 1293 2688 1563 2740; x_wconf 87' lang='lat' dir='ltr'>suffragium</span> <span class='ocrx_word' id='word_1_250' title='bbox 1617 2689 1816 2730; x_wconf 87' lang='lat' dir='ltr'>salutare</span> <span class='ocrx_word' id='word_1_251' title='bbox 1872 2701 1978 2729; x_wconf 89' lang='lat' dir='ltr'>cum</span> <span class='ocrx_word' id='word_1_252' title='bbox 2040 2688 2182 2728; x_wconf 90' lang='lat' dir='ltr'>salute</span> 
     </span>
     <span class='ocr_line' id='line_1_39' title="bbox 533 2760 2182 2813; baseline 0.001 -14"><span class='ocrx_word' id='word_1_253' title='bbox 533 2760 731 2811; x_wconf 89' lang='lat' dir='ltr'>presenti</span> <span class='ocrx_word' id='word_1_254' title='bbox 772 2760 940 2813; x_wconf 90' lang='lat' dir='ltr'>pariter</span> <span class='ocrx_word' id='word_1_255' title='bbox 977 2764 1020 2801; x_wconf 91' lang='lat' dir='ltr'>et</span> <span class='ocrx_word' id='word_1_256' title='bbox 1057 2760 1223 2801; x_wconf 87' lang='lat' dir='ltr'>futura.</span> <span class='ocrx_word' id='word_1_257' title='bbox 1288 2760 1514 2801; x_wconf 89' lang='lat' dir='ltr'>Maiestati</span> <span class='ocrx_word' id='word_1_258' title='bbox 1553 2761 1672 2812; x_wconf 85' lang='lat' dir='ltr'>regie</span> <span class='ocrx_word' id='word_1_259' title='bbox 1715 2773 1876 2802; x_wconf 89' lang='lat' dir='ltr'>omnes</span> <span class='ocrx_word' id='word_1_260' title='bbox 1908 2761 2076 2801; x_wconf 91' lang='lat' dir='ltr'>iniuste</span> <span class='ocrx_word' id='word_1_261' title='bbox 2108 2772 2182 2812; x_wconf 92' lang='lat' dir='ltr'>op-</span> 
     </span>
     <span class='ocr_line' id='line_1_40' title="bbox 533 2832 2180 2886; baseline -0.001 -14"><span class='ocrx_word' id='word_1_262' title='bbox 533 2844 713 2884; x_wconf 90' lang='lat' dir='ltr'>pressos</span> <span class='ocrx_word' id='word_1_263' title='bbox 753 2833 971 2873; x_wconf 88' lang='lat' dir='ltr'>conuenit</span> <span class='ocrx_word' id='word_1_264' title='bbox 1009 2832 1215 2884; x_wconf 86' lang='lat' dir='ltr'>liberare,</span> <span class='ocrx_word' id='word_1_265' title='bbox 1263 2836 1304 2873; x_wconf 91' lang='lat' dir='ltr'>et</span> <span class='ocrx_word' id='word_1_266' title='bbox 1343 2846 1367 2873; x_wconf 93' lang='lat' dir='ltr'>a</span> <span class='ocrx_word' id='word_1_267' title='bbox 1409 2834 1493 2874; x_wconf 91' lang='lat' dir='ltr'>deo</span> <span class='ocrx_word' id='word_1_268' title='bbox 1534 2833 1677 2874; x_wconf 90' lang='lat' dir='ltr'>cicius</span> <span class='ocrx_word' id='word_1_269' title='bbox 1715 2833 1969 2885; x_wconf 85' lang='lat' dir='ltr'>exauditur,</span> <span class='ocrx_word' id='word_1_270' title='bbox 2016 2833 2094 2886; x_wconf 93' lang='lat' dir='ltr'>qui</span> <span class='ocrx_word' id='word_1_271' title='bbox 2124 2832 2180 2872; x_wconf 90' lang='lat' dir='ltr'>ad</span> 
     </span>
     <span class='ocr_line' id='line_1_41' title="bbox 533 2904 2180 2958; baseline 0 -14"><span class='ocrx_word' id='word_1_272' title='bbox 533 2904 824 2945; x_wconf 89' lang='lat' dir='ltr'>subditorum</span> <span class='ocrx_word' id='word_1_273' title='bbox 858 2917 1014 2957; x_wconf 86' lang='lat' dir='ltr'>preces</span> <span class='ocrx_word' id='word_1_274' title='bbox 1045 2917 1180 2945; x_wconf 90' lang='lat' dir='ltr'>aures</span> <span class='ocrx_word' id='word_1_275' title='bbox 1213 2918 1393 2958; x_wconf 91' lang='lat' dir='ltr'>semper</span> <span class='ocrx_word' id='word_1_276' title='bbox 1424 2906 1563 2946; x_wconf 91' lang='lat' dir='ltr'>habet</span> <span class='ocrx_word' id='word_1_277' title='bbox 1593 2905 1804 2947; x_wconf 91' lang='lat' dir='ltr'>intentas.</span> <span class='ocrx_word' id='word_1_278' title='bbox 1852 2905 1969 2946; x_wconf 91' lang='lat' dir='ltr'>Cum</span> <span class='ocrx_word' id='word_1_279' title='bbox 1996 2917 2180 2945; x_wconf 88' lang='lat' dir='ltr'>uenera-</span> 
     </span>
    </p>
   </div>
   <div class='ocr_carea' id='block_1_13' title="bbox 537 2977 2030 2996">
    <p class='ocr_par' dir='ltr' id='par_1_13' title="bbox 537 2977 2030 2996">
     <span class='ocr_line' id='line_1_42' title="bbox 537 2977 2030 2996; baseline 0 0"><span class='ocrx_word' id='word_1_280' title='bbox 537 2977 2030 2996; x_wconf 95' lang='lat' dir='ltr'> </span> 
     </span>
    </p>
   </div>
   <div class='ocr_carea' id='block_1_14' title="bbox 532 3023 2179 3130">
    <p class='ocr_par' dir='ltr' id='par_1_14' title="bbox 532 3023 2179 3130">
     <span class='ocr_line' id='line_1_43' title="bbox 620 3023 2179 3073; baseline 0 -13"><span class='ocrx_word' id='word_1_281' title='bbox 620 3026 652 3061; x_wconf 92' lang='lat'>1.</span> <span class='ocrx_word' id='word_1_282' title='bbox 696 3023 830 3061; x_wconf 44' lang='lat' dir='ltr'>Litffas</span> <span class='ocrx_word' id='word_1_283' title='bbox 868 3026 905 3062; x_wconf 80' lang='lat' dir='ltr'>h.</span> <span class='ocrx_word' id='word_1_284' title='bbox 940 3027 960 3062; x_wconf 90' lang='lat' dir='ltr'>I.</span> <span class='ocrx_word' id='word_1_285' title='bbox 995 3024 1059 3063; x_wconf 69' lang='lat' dir='ltr'>CS.</span> <span class='ocrx_word' id='word_1_286' title='bbox 1157 3026 1288 3062; x_wconf 87' lang='lat' dir='ltr'>nostri</span> <span class='ocrx_word' id='word_1_287' title='bbox 1327 3026 1479 3072; x_wconf 79' lang='lat' dir='ltr'>addidi,</span> <span class='ocrx_word' id='word_1_288' title='bbox 1526 3026 1597 3072; x_wconf 80' lang='lat' dir='ltr'>cfr.</span> <span class='ocrx_word' id='word_1_289' title='bbox 1629 3038 1668 3073; x_wconf 83' lang='lat' dir='ltr'>p.</span> <span class='ocrx_word' id='word_1_290' title='bbox 1701 3027 1792 3071; x_wconf 76' lang='lat'>257,</span> <span class='ocrx_word' id='word_1_291' title='bbox 1814 3026 1873 3063; x_wconf 86' lang='lat'>13.</span> <span class='ocrx_word' id='word_1_292' title='bbox 1952 3027 2015 3063; x_wconf 95' lang='lat'>11.</span> <span class='ocrx_word' id='word_1_293' title='bbox 2055 3026 2179 3072; x_wconf 90' lang='lat' dir='ltr'>depo-</span> 
     </span>
     <span class='ocr_line' id='line_1_44' title="bbox 532 3080 2178 3130; baseline 0 -14"><span class='ocrx_word' id='word_1_294' title='bbox 532 3082 693 3117; x_wconf 86' lang='lat' dir='ltr'>suerint</span> <span class='ocrx_word' id='word_1_295' title='bbox 711 3080 774 3123; x_wconf 56' lang='lat' dir='ltr'>CS,</span> <span class='ocrx_word' id='word_1_296' title='bbox 807 3084 874 3118; x_wconf 81' lang='lat' dir='ltr'>sed</span> <span class='ocrx_word' id='word_1_297' title='bbox 905 3094 1005 3119; x_wconf 76' lang='lat' dir='ltr'>corr.</span> <span class='ocrx_word' id='word_1_298' title='bbox 1035 3084 1075 3119; x_wconf 86' lang='lat' dir='ltr'>in</span> <span class='ocrx_word' id='word_1_299' title='bbox 1109 3084 1374 3130; x_wconf 63' lang='lat' dir='ltr'>deposuerat.</span> <span class='ocrx_word' id='word_1_300' title='bbox 1440 3084 1498 3119; x_wconf 86' lang='lat'>12.</span> <span class='ocrx_word' id='word_1_301' title='bbox 1524 3084 1718 3130; x_wconf 84' lang='lat' dir='ltr'>degitime</span> <span class='ocrx_word' id='word_1_302' title='bbox 1737 3083 1802 3129; x_wconf 66' lang='lat' dir='ltr'>CS,</span> <span class='ocrx_word' id='word_1_303' title='bbox 1836 3095 1938 3120; x_wconf 78' lang='lat' dir='ltr'>corr.</span> <span class='ocrx_word' id='word_1_304' title='bbox 1957 3081 2178 3129; x_wconf 74' lang='lat' dir='ltr'>Lanyebelc.</span> 
     </span>
    </p>
   </div>
  </div>
 </body>
</html>
