2242 3551
362 419 424 450 fol.
439 415 484 450 ΒΓ.

359 704 421 735 fol.
436 701 484 734 SV.

446 991 486 1021 10

364 1206 425 1237 fol.
440 1203 485 1237 9‘.

447 1350 486 1380 15

514 175 596 215 390
856 182 1131 213 SCRIPTORES
1165 182 1390 210 Hls'rOfflAE
1423 182 1599 210 DANICAE
1632 182 1830 211 MINORES

984 296 1209 337 INCIPIT
1243 296 1423 336 LIBER
1456 295 1693 336 PRIMUS.

596 404 606 459 Η
641 408 675 446 1.
730 370 968 446 REGEM
1004 402 1317 454 DANORVM,
1359 402 1627 443 SVEINUM
1663 402 1913 452 INQVAM,
1960 402 2162 442 ueridica

513 477 716 530 comperi
748 477 967 517 relatione
1001 475 1210 516 omnium
1245 475 1316 515 sui
1348 475 1568 527 temporis
1600 486 1757 526 regum
1792 474 1934 514 ferme
1964 475 2163 514 fortuna-

512 549 741 589 tissimum
768 549 981 600 extitisse,
1014 549 1129 588 adeo
1158 552 1217 598 ut,
1251 549 1374 600 quod
1399 560 1502 587 raro
1533 546 1734 598 contingi
1767 547 1892 598 solet,
1926 547 2163 599 principiis

513 621 720 662 felicibus
753 622 1010 662 secundum
1036 621 1174 660 deum
1200 625 1241 660 et
1267 621 1473 660 seculum
1504 620 1647 659 multo
1672 619 1845 659 felicior
1870 619 2165 672 responderet

513 693 671 734 exitus.
736 694 821 734 Hic
852 694 1052 746 denique
1081 690 1093 747 Η
1124 706 1149 732 a
1184 692 1499 743 nobilissimis,
1547 692 1671 745 quod
1715 691 1917 744 primum
1953 695 2018 730 est
2049 691 2166 731 inter

514 766 739 818 homines,
787 767 916 806 duxit
962 765 1198 817 originem,
1247 776 1559 817 magnumque
1603 764 1689 803 sibi
1728 765 1867 803 decus
1908 765 2162 803 secundum

514 839 721 878 seculum
744 839 919 892 peperit
938 838 1133 891 imperii,
1159 838 1280 891 quod
1306 836 1692 887 amministrabat,
1717 835 1932 887 regimen.
1967 836 2162 875 Tantam

513 910 678 950 deinde
710 911 775 951 illi
807 911 999 963 gratiam
1034 910 1195 950 diuina
1226 909 1453 950 concessit
1484 909 1644 959 uirtus,
1685 911 1735 947 ut
1774 908 1910 948 etiam
1944 909 2164 960 puerulus

514 982 677 1023 intimo
718 984 883 1023 affectu
924 983 1186 1034 diligeretur
1224 982 1282 1022 ab
1324 981 1556 1031 omnibus,
1604 985 1783 1021 tantum
1822 979 1940 1032 patri
1978 980 2164 1033 proprio

512 1054 705 1106 inuisus,
739 1056 865 1096 nulla
898 1056 987 1095 hoc
1018 1058 1307 1107 promerente
1340 1053 1520 1106 pueruli
1542 1053 1692 1106 culpa,
1725 1053 1803 1093 sed
1830 1052 1926 1092 sola
1952 1052 2165 1092 turbante

512 1125 701 1167 inuidia.
751 1128 839 1177 Qui
874 1128 1020 1167 factus
1052 1126 1235 1166 iuuenis
1267 1127 1313 1166 in
1347 1139 1503 1166 amore
1536 1125 1701 1166 cotidie
1726 1125 1958 1165 crescebat
1983 1125 2164 1177 populi,

513 1200 635 1239 unde
667 1200 813 1252 magis
845 1200 1082 1253 magisque
1111 1196 1122 1253 ll
1155 1199 1330 1238 inuidia
1366 1198 1617 1250 augebatur
1648 1197 1780 1250 patri,
1823 1198 1937 1237 adeo
1979 1201 2027 1236 ut
2059 1210 2164 1237 eum

515 1283 538 1310 a
594 1272 739 1324 patria
796 1286 889 1312 non
945 1272 1038 1312 iam
1095 1271 1359 1311 clanculum
1416 1271 1493 1311 sed
1543 1271 1697 1323 palam
1745 1269 1881 1309 uellet
1928 1269 2164 1322 expellere,

513 1343 710 1385 iurando
757 1358 965 1385 asserens
1012 1358 1117 1384 eum
1160 1348 1262 1396 post
1301 1357 1346 1383 se
1382 1347 1681 1395 regnaturum
1728 1355 1820 1381 non
1862 1355 1970 1382 esse.
2035 1342 2165 1382 Unde

514 1417 673 1457 dolens
717 1417 942 1457 exercitus
979 1417 1132 1457 relicto
1172 1420 1298 1469 patre
1338 1415 1526 1455 herebat
1558 1415 1653 1454 filio
1686 1418 1728 1454 et
1759 1427 1865 1454 eum
1898 1413 2167 1454 defensabat

479 1489 687 1547 sedulo.
766 1489 915 1529 Huius
962 1489 1024 1529 rei
1072 1489 1216 1541 gratia
1263 1487 1623 1539 congrediuntur
1668 1487 1716 1527 in
1762 1486 1929 1539 prelio,
1978 1485 2023 1525 in
2072 1499 2163 1539 quo

361 1639 423 1671 fol.
438 1635 487 1670 9V.

514 1562 784 1602 uulneratus
822 1562 1097 1615 fugatusque
1135 1565 1262 1614 pater
1300 1561 1355 1600 ad
1391 1560 1582 1601 Selauos
1623 1559 1754 1611 fugit,
1803 1563 1844 1598 et
1887 1571 1975 1598 non
2019 1559 2163 1598 multo

515 1638 618 1686 post
662 1633 726 1674 ibi
772 1634 898 1685 obiit,
945 1638 987 1674 et
1026 1633 1164 1673 Suein
1212 1633 1308 1673 eius
1356 1632 1524 1672 solium
1573 1632 1724 1685 quiete
1764 1631 1921 1671 tenuit.
1962 1629 1973 1684 Η
2012 1631 2164 1681 Quam

604 1783 635 1816 1.
682 1781 991 1826 [ascriptionem
1034 1781 1283 1816 addiderunt
1326 1781 1505 1816 editores.
1580 1779 1750 1816 Numeri
1795 1779 1973 1824 capitum
2013 1777 2165 1813 Pertzio

514 1836 720 1882 debentur,
768 1849 791 1873 a
833 1849 912 1884 quo
943 1837 1188 1884 quibusdam
1221 1838 1317 1873 Iocis
1346 1838 1564 1883 paululum
1597 1837 1766 1872 discedo.
1829 1836 1936 1871 Hinc
1967 1834 2168 1880 incipiunt

516 1895 550 1930 B
582 1897 619 1944 et
650 1896 694 1939 P,
740 1895 789 1930 de
819 1894 964 1941 quibus
1000 1894 1203 1930 codicibus
1236 1895 1422 1931 videatur
1448 1894 1657 1940 p1·oefati0,·
1704 1904 1753 1929 ex
1783 1903 1923 1928 eorum
1956 1891 2166 1937 scripturis

515 1962 582 1987 eas
623 1953 780 1987 tantum
821 1952 975 1997 adfero,
1023 1963 1112 1998 (111ae
1149 1952 1203 1987 ad
1241 1954 1391 1987 textum
1424 1952 1750 1987 constituendum
1784 1949 1941 1996 aliquid
1972 1949 2168 1985 momenti

515 2008 663 2044 habere
704 2019 823 2054 posse
868 2009 1073 2054 videntur,
1120 2020 1187 2045 eas
1229 2010 1471 2055 plerumque
1512 2009 1767 2054 praeteriens,
1815 2018 1904 2053 quoe
1952 2005 2166 2051 manifesto

513 2065 630 2111 falsoe
660 2068 757 2101 sunt
786 2067 846 2102 vel
877 2066 1012 2102 licenti
1042 2067 1232 2102 mutandi
1262 2067 1394 2102 studio
1420 2065 1625 2101 debentur.
1687 2066 1722 2101 2.
1751 2065 1902 2110 Regem
1923 2093 1929 2100 .
1949 2094 1955 2100 .
1974 2064 2165 2109 inquam:

516 2122 602 2158 hoec
648 2122 766 2159 verba
814 2124 978 2170 maynis
1025 2123 1164 2159 litteris
1218 2125 1259 2159 in
1316 2125 1510 2170 quattuor
1554 2133 1691 2158 versus
1737 2122 1870 2157 diuisa
1916 2120 2077 2166 scripsit
2120 2120 2164 2156 Α.

518 2180 729 2226 Sueynum
766 2181 808 2224 P,
848 2183 891 2216 ut
920 2181 1027 2218 solet,
1107 2181 1141 2217 3.
1174 2192 1350 2216 suorum
1384 2185 1621 2226 temporum
1659 2180 1700 2215 P.
1772 2180 1806 2214 4.
1839 2178 2024 2223 contingi
2056 2176 2168 2225 AB13

517 2238 759 2283 contingere
794 2239 825 2272 B
859 2238 900 2273 in
934 2248 1062 2283 marq.
1096 2240 1133 2273 et
1163 2239 1212 2283 P,
1261 2238 1403 2273 malim
1432 2237 1517 2283 fere
1554 2237 1765 2282 coniungi,
1809 2237 1877 2271 sed
1909 2235 2093 2279 contingi
2127 2236 2171 2269 ut

519 2294 609 2329 fieri
655 2294 735 2330 dici
778 2295 957 2340 potuisse
999 2294 1173 2340 sortasse
1218 2295 1388 2331 credidit
1431 2294 1616 2339 scriptor,
1669 2294 1833 2339 ideoque
1880 2294 2038 2327 mutare
2083 2302 2167 2326 non

518 2352 657 2388 audeo.
720 2353 755 2390 5.
790 2352 1024 2387 secundum
1058 2352 1204 2390 deum:
1238 2352 1413 2388 Roman.
1446 2351 1554 2396 &27
1584 2354 1621 2387 et
1649 2351 1813 2396 soepius:
1845 2360 1925 2385 see.
1958 2349 2167 2384 seculum:

519 2408 661 2454 Ephes.
695 2409 786 2449 22.
864 2410 898 2445 6.
940 2409 1122 2455 denique
1160 2420 1238 2455 pro
1280 2410 1390 2444 enim
1429 2408 1577 2454 soepius
1616 2408 1682 2443 hic
1722 2407 1896 2453 scriptor
1933 2405 2168 2451 usurpauit;

518 2465 588 2511 cfr.
618 2477 657 2511 p.
693 2465 784 2509 391,
807 2466 852 2510 4,·
886 2465 974 2511 394,
993 2466 1111 2501 2501.
1199 2468 1293 2512 post
1330 2466 1606 2501 nobilissimis
1638 2463 1690 2501 Α2
1732 2465 1897 2510 siynum
1938 2462 2169 2498 omissionis

516 2523 663 2568 posuit,
700 2525 896 2568 tanquam
930 2522 1170 2558 vocabulum
1203 2523 1370 2569 aliquod
1399 2521 1522 2571 (velut
1553 2522 1784 2558 maioribus
1817 2522 1876 2556 vel
1907 2517 2170 2567 parentibus)

519 2579 834 2622 desidet-aretum
881 2580 950 2615 sed
993 2579 1101 2616 nihil
1145 2580 1379 2616 addendum
1417 2582 1526 2625 puto.
1606 2580 1668 2615 11.
1710 2578 1862 2625 puerili
1903 2579 1947 2621 B,
1989 2576 2080 2612 item
2124 2577 2166 2611 D.

463 2682 469 2685 Δ
524 2636 583 2672 13.
616 2638 724 2683 patri
758 2638 848 2681 AB,
881 2637 1012 2683 patris
1047 2638 1089 2672 P.
1155 2638 1215 2672 15.
1250 2637 1430 2672 iurando
1463 2638 1551 2681 AP,
1592 2637 1682 2672 iure
1713 2635 1936 2681 iurandoq3
1970 2631 2022 2669 Α3
2053 2644 2166 2674 corr,

523 2692 639 2739 idque
655 2693 807 2729 habent
825 2695 856 2729 B
874 2697 911 2729 et
928 2695 971 2729 D.
1022 2694 1082 2729 17.
1109 2694 1152 2730 H.
1172 2705 1203 2729 r.
1222 2705 1348 2730 causa
1373 2705 1405 2730 c.
1432 2694 1566 2740 prelio
1586 2695 1627 2729 P.
1679 2694 1826 2739 19—p.
1845 2692 2011 2731 39421.
2038 2690 2170 2725 tenuit

523 2751 888 2797 ..appropiabant
930 2750 1103 2788 tinibus:
1151 2750 1237 2787 Iioec
1281 2751 1421 2787 omnia
1464 2752 1494 2786 P
1533 2750 1680 2794 omisit,
1726 2748 1967 2785 narratione
2005 2757 2168 2782 summa

522 2806 682 2843 licentia
730 2809 771 2843 in
820 2808 1104 2843 breuissimam
1150 2807 1329 2852 formam
1376 2810 1582 2844 contracta
1628 2807 1704 2842 boc
1750 2806 1890 2841 modo:
1944 2804 2084 2853 (obiit,
2130 2806 2169 2839 et

523 2864 714 2909 Sueynus
761 2865 850 2900 eius
897 2866 1050 2901 solium
1098 2863 1240 2911 quiete
1287 2865 1468 2911 regium3
1523 2875 1601 2900 om.
1647 2862 1796 2911 tenuit)
1848 2862 2080 2909 prudenter
2132 2864 2171 2896 et

523 2923 692 2957 strenue
734 2922 773 2957 in
815 2922 941 2957 rebus
981 2923 1179 2958 omnibus
1217 2923 1459 2968 gubernans
1499 2926 1538 2958 et
1576 2932 1676 2957 suos
1719 2921 1759 2955 in
1802 2920 1930 2955 armis
1963 2919 2015 2954 ad
2048 2928 2169 2964 quos-

523 2987 690 3023 cunque
722 2981 898 3014 euentus
931 2990 1130 3015 exercens
1162 2982 1201 3014 et
1232 2979 1453 3015 clementia
1486 2978 1823 3023 liberalitateque
1854 2975 2064 3011 artissime
2090 2974 2170 3010 sibi

524 3033 781 3071 deuinciens.
841 3036 1027 3071 Tandem
1060 3036 1337 3072 suadentibus
1369 3036 1515 3071 amieis
1547 3039 1587 3071 et
1618 3034 1867 3081 proceribus
1899 3033 2043 3068 statuit
2074 3031 2171 3067 vali-
