2242 3551
322 638 456 679 F01f2‘.

440 1050 458 1080 5

420 1415 461 1445 10

421 1782 460 1813 15

490 145 570 184 158
830 154 1106 184 SCRIPTORES
1140 155 1367 183 HISTORIAE
1399 155 1577 184 DANICAE
1608 156 1808 185 MlNOREs

633 638 992 684 EXORDIUM
1033 639 1452 685 MONASTERH
1493 639 1686 698 QUOD
1727 638 2005 685 DlClTUR

1073 723 1253 769 CARA
1294 723 1559 770 INSULA.

579 859 679 938 Ad
706 896 923 936 noticiam
952 899 1242 949 posterorum
1269 895 1577 936 transmittere
1601 895 1851 949 cupientes,
1884 909 1976 949 quo
2004 897 2143 937 modo

485 970 573 1010 hoc
598 968 860 1020 cenobium,
893 969 1016 1022 quod
1050 972 1244 1009 uocatur
1269 968 1632 1020 Carainsula,
1665 968 1906 1009 exordium
1933 970 2144 1022 sumpsit,

486 1042 624 1082 simul
663 1040 877 1082 intimare
917 1042 1150 1089 uolumus,
1197 1027 1289 1094 quo
1331 1045 1537 1095 tempore
1580 1045 1620 1081 et
1662 1055 1686 1081 a
1726 1041 1896 1096 quibus
1936 1042 2143 1095 personis

486 1118 801 1155 constructum
851 1114 926 1165 sit,
982 1114 1052 1154 uel
1099 1114 1268 1168 quibus
1323 1114 1575 1168 priuilegijs
1622 1113 1949 1154 confirmatum
1998 1119 2041 1155 et
2086 1115 2142 1155 ad

486 1189 654 1239 locum,
688 1188 733 1227 in
766 1200 858 1240 quo
891 1199 1016 1227 nunc
1042 1191 1121 1238 est,
1155 1188 1209 1227 de
1245 1188 1345 1228 loco
1378 1188 1435 1227 ad
1462 1188 1615 1228 locum
1641 1187 1930 1239 translatum,
1962 1200 2143 1228 necnon

487 1265 528 1301 et
560 1261 750 1301 nomina
783 1260 1019 1312 abbatum,
1053 1260 1129 1313 qui
1160 1273 1240 1312 per
1261 1261 1318 1301 xl.
1353 1261 1470 1301 duos
1503 1273 1651 1300 annos
1684 1259 1965 1313 prefuerunt,
1998 1273 2144 1313 usque

487 1334 543 1373 ad
584 1337 840 1386 presentem
876 1346 1066 1384 annum,
1114 1332 1158 1372 in
1201 1346 1293 1387 quo
1336 1334 1421 1373 hec
1461 1333 1627 1386 scripta
1671 1337 1790 1385 sunt,
1839 1337 1900 1383 ut,
1948 1333 1985 1373 si
2030 1332 2143 1373 forte

488 1405 739 1458 aliquando
772 1418 968 1458 persona
1001 1405 1155 1459 aliqua
1189 1406 1406 1446 secularis
1440 1419 1519 1446 seu
1553 1406 1858 1446 ecclesiastica
1898 1406 2010 1446 illud
2050 1418 2145 1459 per-

487 1479 671 1519 turbare
724 1483 766 1518 et
819 1478 1135 1531 possessiones
1187 1479 1284 1519 eius
1338 1478 1534 1532 diripere
1590 1479 1902 1532 temptauerit,
1963 1479 2144 1531 cognita

488 1551 677 1592 ueritate
710 1551 994 1591 fundationis
1027 1555 1068 1591 et
1099 1552 1355 1592 reuerentia
1388 1552 1685 1592 fundatorum
1720 1552 1779 1592 ab
1811 1552 1992 1605 incepto
2020 1552 2143 1592 malo

488 1637 624 1677 opere
656 1624 861 1678 quiescat
894 1628 935 1664 et
966 1623 1079 1664 illud
1113 1624 1270 1676 diligat
1302 1628 1438 1677 atque
1469 1628 1664 1677 tueatur,
1697 1629 1925 1678 quatenus
1957 1624 2141 1665 illorum

488 1696 676 1749 meritis,
723 1710 746 1737 a
795 1697 965 1751 quibus
1010 1697 1193 1737 initium
1237 1701 1278 1737 et
1316 1697 1653 1738 incrementum
1694 1697 1871 1750 habuit,
1917 1701 1960 1738 et
2005 1697 2144 1738 totius

488 1770 663 1811 ordinis
706 1769 993 1810 orationibus
1032 1770 1187 1810 adiuta
1228 1770 1273 1809 in
1315 1770 1387 1810 die
1427 1770 1576 1810 ultimi
1624 1770 1849 1811 examinis
1894 1784 1919 1811 a
1959 1782 2143 1811 summo

488 1842 637 1883 iudice
671 1842 852 1883 Christo
894 1843 1010 1883 inter
1052 1843 1270 1896 probatos
1312 1844 1567 1884 monachos
1599 1855 1704 1884 cum
1739 1843 1957 1884 omnibus
1991 1843 2143 1884 electis

488 1916 560 1956 dei
592 1927 784 1967 regnum
819 1916 981 1956 celeste
1013 1916 1061 1956 in
1093 1920 1366 1969 perpetuum
1400 1916 1615 1969 optineat.

576 2171 609 2207 C
631 2187 674 2203 Ξ
699 2172 839 2208 Codex
872 2172 1145 2208 Bibliothecae
1179 2173 1473 2209 Universitatis
1508 2174 1775 2217 Hauniensis,
1807 2174 2014 2219 signatus:
2060 2173 2142 2208 »Ex

488 2229 715 2265 donatione
748 2230 976 2274 variorum,
1012 2230 1089 2265 135
1124 2231 1164 2265 in
1201 2228 1288 2266 4²0«.
1351 2230 1499 2266 Manus
1528 2231 1549 2265 I
1576 2231 1737 2277 scripsit
1767 2231 1914 2267 codicis
1942 2230 2011 2276 fol,
2044 2230 2142 2265 22*

484 2286 553 2331 fol.
573 2286 649 2332 Zlst,
685 2297 718 2323 υ.
740 2286 773 2323 3.
822 2287 927 2324 Ante
953 2287 1100 2333 folium
1119 2287 1144 2323 2
1168 2288 1365 2323 insertum
1391 2291 1449 2324 est
1472 2299 1599 2324 unum
1629 2288 1790 2334 folium,
1826 2289 1867 2324 in
1890 2289 2005 2324 cuius
2025 2290 2142 2334 parte

487 2344 660 2379 aduersa
693 2355 843 2379 manus
874 2345 1012 2391 aliqua
1045 2344 1143 2381 XIV.
1179 2345 1240 2380 vel
1270 2345 1347 2381 XV.
1380 2346 1517 2381 soeculi
1548 2356 1593 2381 ed
1626 2346 1840 2392 rescripsit,
1880 2356 1970 2392 quoe
1998 2344 2069 2391 fol.
2100 2345 2143 2380 ΞΓ

488 2412 611 2447 usque
642 2402 695 2437 ad
728 2401 845 2437 verba
879 2403 1051 2438 inicium
1085 2403 1266 2449 sumpsit
1296 2401 1355 2451 (p.
1391 2403 1479 2444 159,
1499 2401 1539 2451 2)
1569 2403 1839 2449 continentur,
1873 2414 1964 2439 enm
1997 2403 2075 2438 situ
2107 2405 2143 2438 et

484 2458 671 2494 sordibus
705 2459 820 2494 valde
851 2459 977 2495 deleta
1009 2461 1146 2495 essent.
1194 2459 1364 2496 Errores
1396 2460 1582 2496 editionis
1610 2460 1937 2507 Lanyebelcianoe
1964 2460 2141 2506 plerum·

486 2527 561 2562 qne
599 2516 713 2551 tacite
749 2518 919 2553 correxi.
986 2516 1121 2553 Obiter
1157 2517 1343 2562 adnoto,-
1369 2518 1544 2554 maiores
1577 2518 1727 2554 litteras
1758 2530 1782 2553 α
1813 2517 1955 2554 scribis
1986 2517 2068 2553 nisi
2100 2517 2139 2552 in

486 2573 613 2609 initiis
641 2573 906 2619 periodorum
941 2585 1023 2610 non
1056 2576 1128 2610 ant
1154 2585 1326 2620 perraro
1359 2576 1563 2621 usurpari,
1613 2586 1663 2610 ne
1695 2575 1734 2611 in
1765 2575 1946 2622 propriis
1978 2575 2138 2621 quidem

485 2630 732 2676 nominibus,
769 2630 836 2667 ubi
869 2642 939 2677 eqo
972 2642 1038 2667 eas
1071 2642 1120 2667 ex
1151 2631 1323 2667 editione
1356 2631 1670 2679 Lanyebelciczna
1703 2633 1861 2669 retinui.

576 2688 692 2723 1—2.
742 2689 970 2724 Exordium
991 2719 996 2724 .
1015 2718 1019 2724 .
1038 2689 1277 2724 carainsula
1296 2688 1430 2725 rubris
1450 2690 1588 2725 litteris
1604 2690 1825 2736 scriptum‚·
1856 2690 1991 2726 eodem
2011 2690 2141 2726 colore

432 2745 437 2748 ”
484 2755 653 2791 sequens
686 2745 816 2781 littera
843 2746 1013 2782 initialis
1045 2748 1074 2781 A
1104 2746 1212 2792 pieta
1239 2748 1304 2791 est,
1341 2746 1430 2782 [tem
1461 2746 1631 2792 inferius
1664 2749 1715 2794 (p.
1740 2748 1830 2791 159,
1852 2749 1887 2792 1)
1920 2749 2076 2794 captm.
2109 2747 2137 2782 Ι.

486 2805 522 2837 et
554 2802 716 2837 numeri
752 2803 1024 2848 capitulorum
1065 2804 1250 2839 omnium
1292 2806 1328 2839 et
1366 2804 1494 2840 littera
1534 2804 1701 2840 initialis
1732 2805 1925 2851 cuiusque
1962 2804 2138 2851 capituli.

486 2859 657 2895 Numeri
680 2860 728 2895 ΙΙ.
764 2862 800 2895 et
823 2861 891 2896 111.
925 2871 1020 2905 non,
1056 2863 1098 2895 ut
1129 2861 1169 2896 in
1204 2861 1387 2905 editione,
1421 2862 1504 2897 suis
1536 2861 1723 2907 capitulis
1752 2862 2038 2908 praefiguntur,
2072 2860 2140 2897 sed

485 2916 526 2951 in
566 2918 744 2951 extrema
784 2917 948 2954 dextera
991 2928 1127 2953 versus
1161 2920 1279 2963 parte
1306 2921 1529 2963 ponuntur.
1606 2920 1639 2955 4.
1676 2918 1797 2964 facile
1833 2921 1890 2955 est
1926 2915 2137 2965 sumpshin

487 2970 508 3010 i.
541 2984 570 3009 e.
612 2975 852 3019 sumpserit,
897 2974 1119 3021 cor1²i9ere‚·
1163 2975 1233 3010 sed
1272 2975 1368 3010 talia
1409 2977 1568 3011 mutare
1613 2977 1735 3020 (velut
1774 2977 1895 3012 etiam
1931 2987 1970 3022 p.
2005 2974 2139 3020 161‚3

484 3031 642 3076 posset>
675 3030 715 3065 in
749 3030 825 3066 hoc
855 3032 1048 3078 scriptore
1077 3043 1161 3067 non
1194 3033 1333 3068 audeo.
