2242 3551
422 1006 462 1037 10

422 1370 461 1399 15

418 1732 461 1762 20

419 2095 461 2125 25

419 2455 460 2486 30

493 223 577 262 436
837 232 1113 260 SCfflPTORES
1147 230 1374 260 HISTORIA&
1409 229 1585 258 DANICAE
1619 229 1817 258 MiNans

493 348 628 388 amici
678 347 769 397 sui,
822 346 1048 386 scribente
1097 345 1182 385 sibi
1230 344 1438 385 libellum
1486 345 1541 384 de
1588 344 1783 383 transitu
1832 343 1928 384 eius
1976 345 2150 384 domno

495 420 728 470 Gaufrido‚
778 418 1009 458 monacho
1043 416 1387 465 Clareuallensi,
1431 415 1509 470 qui
1543 416 1750 456 notarius
1784 416 1991 457 eiusdem
2025 430 2152 457 sanc-

492 493 657 533 tissimi
697 490 878 532 abbatis
920 503 1013 531 non
1053 503 1200 543 paruo
1239 493 1446 542 tempore
1490 489 1650 529 fuerat.
1714 488 1847 529 Tunc
1892 502 1999 530 vero
2046 502 2151 530 con-

493 564 630 606 caluit
671 577 750 604 cor
788 563 887 604 eius
925 563 1043 603 intra
1084 563 1254 616 ipsum,
1302 566 1343 602 et
1381 562 1427 601 in
1467 561 1774 602 meditacione
1805 561 1952 614 ipsius
1984 562 2151 602 exarsit

493 637 622 690 ignis,
670 649 804 687 vana,
852 635 1114 676 transitoria
1156 639 1292 688 atque
1326 636 1500 676 caduca
1533 638 1753 687 reputans
1785 634 2016 685 vniuersa.
2063 648 2150 688 que

492 709 695 750 hominis
727 708 1031 749 intentionem
1067 707 1305 761 prepedire
1337 711 1534 761 possunt
1565 720 1589 747 a
1623 710 1745 747 recto
1778 719 1931 758 cursu,
1965 720 2057 760 quo
2091 709 2149 747 ad

492 782 635 835 patrie
687 781 865 822 celestis
920 781 1251 822 beatitudinem
1306 780 1520 821 tenditur.
1610 780 1767 833 Itaque
1815 780 2150 821 commendans

490 854 744 906 ecclesiam,
784 854 858 894 cui
892 854 1184 894 laudabiliter
1216 853 1460 907 prefuerat,
1505 853 1590 893 deo
1624 856 1665 893 et
1699 852 1987 905 principibus
2019 856 2150 903 terre,

489 926 657 968 relictis
711 926 981 980 parentibus
1034 932 1075 967 et
1122 925 1416 980 propinquis,
1475 925 1594 966 notis
1643 929 1685 966 et
1731 924 1914 976 amicis,
1969 924 2149 978 ipsique

489 1000 636 1053 patrio
679 999 838 1052 cespiti
879 1000 1156 1048 valedicens,
1204 999 1309 1040 exul
1352 998 1559 1051 egregius
1603 997 1960 1039 Claramuallem
2005 997 2150 1047 venit3

490 1072 788 1126 sepulchrum
822 1072 942 1113 beati
975 1072 1073 1124 viri,
1106 1071 1257 1112 intimi
1290 1071 1529 1125 quondam
1563 1070 1699 1111 amici
1733 1070 1818 1122 sui,
1855 1069 2073 1124 visitauit,
2109 1074 2152 1110 et

489 1146 544 1185 ad
586 1145 949 1186 sacratissimam
990 1144 1137 1199 ipsius
1177 1144 1387 1185 tumbam
1426 1144 1581 1185 viuere
1614 1147 1656 1184 et
1687 1143 1805 1184 mori
1838 1143 2023 1195 delegit3
2069 1143 2148 1184 ubi

489 1218 633 1259 eciam
696 1230 822 1259 sacre
876 1218 1108 1270 religionis
1164 1217 1375 1258 habitum
1438 1217 1524 1257 deo
1585 1216 1787 1257 donante
1848 1217 2148 1269 postmodum

490 1290 702 1343 suscepit.
765 1291 858 1332 Nec
889 1290 1013 1331 enim
1048 1290 1203 1330 minus
1234 1290 1282 1330 in
1315 1289 1533 1331 defuncto
1565 1302 1707 1344 quam
1740 1288 1852 1330 olim
1884 1288 1931 1329 in
1964 1289 2148 1330 viuente

489 1362 693 1403 confisus
736 1367 825 1413 est3
873 1363 1043 1417 quippe
1084 1376 1221 1416 quem
1260 1366 1363 1417 post
1394 1366 1590 1403 mortem
1624 1362 1776 1402 carnis
1808 1361 1961 1402 verius
1993 1361 2148 1403 viuere

488 1436 680 1476 omnino
728 1449 822 1476 non
870 1436 1146 1488 ambigebat.
1234 1436 1420 1486 Quanto
1475 1446 1580 1486 ergo
1634 1435 1693 1475 ab
1740 1434 2060 1475 ecclesiasticis
2106 1439 2148 1476 et

488 1508 772 1548 secularibus
806 1508 1007 1562 negocijs
1040 1508 1267 1549 secrecius
1308 1508 1515 1560 vacabat,
1561 1511 1689 1548 tanto
1730 1507 1934 1548 sanctius
1975 1507 2147 1548 diuinis

487 1580 721 1634 obsequijs
745 1581 982 1621 intendere
1010 1581 1222 1622 curabat:
1256 1580 1501 1621 deuocioni
1525 1593 1652 1621 sacre
1675 1580 1905 1621 oracionis
1928 1580 2147 1634 quotidie,

487 1666 645 1706 ymmo
685 1666 801 1706 pene
844 1654 1077 1705 continue,
1119 1653 1370 1694 sollicicius
1402 1653 1664 1705 inuigilare;
1705 1666 1787 1706 pro
1821 1653 1915 1694 suis
1948 1654 2148 1706 peccatis

488 1726 711 1779 preteritis
760 1726 984 1767 mirrham
1034 1726 1185 1767 cordis
1231 1726 1415 1767 contriti
1464 1730 1506 1766 et
1552 1725 1739 1779 spiritus
1785 1725 2016 1766 humiliati
2060 1728 2146 1767 deo

488 1799 664 1851 offerre,
697 1804 738 1840 et
770 1799 973 1851 graciam
1008 1812 1205 1852 superne
1238 1798 1572 1840 benedictionis
1603 1799 1893 1839 thimiamate
1926 1799 1998 1852 pie
2025 1811 2146 1840 com-

487 1871 751 1924 punctionis
798 1872 977 1912 enixius
1024 1872 1285 1925 implorare.
1350 1871 1563 1922 Quadam
1606 1871 1744 1923 igitur
1781 1871 1894 1923 vice,
1941 1872 2053 1912 dum
2098 1872 2145 1912 in

487 1945 686 1985 oratorio
726 1958 811 1985 suo
850 1945 977 1985 solus
1017 1944 1300 1996 consisteret,
1348 1945 1563 1997 apparuit
1602 1944 1642 1984 ei
1685 1944 1888 1997 vigilanti
1922 1948 1964 1984 et
1995 1945 2145 1985 oranti

487 2017 677 2070 quidam
710 2017 848 2057 frater
880 2017 978 2057 eius
1010 2017 1228 2067 vterinus,
1261 2017 1339 2070 qui
1373 2016 1484 2057 olim
1509 2017 1755 2058 defunctus
1780 2017 1941 2069 fuerat,
1974 2017 2146 2072 quique

488 2089 641 2129 hostili
675 2090 826 2141 gladio
858 2090 1115 2130 trucidatus
1147 2090 1439 2131 occubuit-et
1471 2093 1618 2130 morte
1651 2093 1901 2143 preuentus
1924 2089 2144 2131 viaticum

488 2175 579 2202 non
627 2162 815 2216 accepit.
881 2162 965 2203 Hic
1012 2162 1173 2209 eciam,
1221 2163 1333 2203 dum
1375 2162 1630 2215 aduiueret‚
1677 2163 1876 2203 eundem
1925 2162 2146 2216 archiepi-

488 2246 681 2287 scopum
729 2235 982 2289 aliquando
1030 2235 1197 2275 iniuste
1245 2235 1518 2286 offenderat,
1574 2247 1657 2276 nec
1710 2235 1749 2275 ei
1796 2239 1900 2275 ante
1950 2238 2142 2276 mortem

486 2307 808 2348 reconciliatus
839 2308 985 2349 fuerat
1018 2321 1098 2361 per
1130 2307 1504 2348 satisfactionem.
1569 2307 1779 2360 Cumque
1812 2308 2010 2348 venisset
2039 2312 2143 2348 ante

487 2378 633 2431 illum,
664 2380 867 2421 demisso
900 2380 1047 2434 capite
1081 2380 1348 2434 suppliciter
1370 2379 1624 2420 inclinabat
1646 2380 1699 2431 ei,
1732 2380 1864 2433 quasi
1887 2380 1944 2420 de
1968 2380 2142 2420 offensa

487 2451 669 2491 veniam
718 2453 958 2505 postulans
1006 2457 1084 2493 aut
1131 2453 1276 2493 eciam
1330 2452 1599 2493 oracionum
1654 2452 1870 2505 suffragia
1917 2453 2141 2505 flagitans.

489 2523 615 2563 Stetit
647 2536 751 2576 ergo
784 2525 1073 2579 aliquamdiu
1107 2538 1261 2566 coram
1296 2525 1388 2575 illo,
1433 2524 1574 2565 nichil
1614 2525 1797 2579 penitus
1836 2525 2007 2577 dicens,
2054 2525 2143 2565 nisi

487 2599 663 2636 tantum
698 2597 943 2638 humiliato
976 2598 1123 2651 capite
1156 2598 1462 2638 calamitatem
1488 2610 1542 2638 ac
1564 2597 1882 2638 necessitatem
1906 2598 2141 2650 propriam

463 2668 697 2709 innuens.
761 2670 845 2710 Sed
881 2683 1028 2723 neque
1062 2670 1438 2723 archiepiscopus
1477 2670 1733 2724 quidquam
1776 2671 1957 2710 locutus
1990 2673 2056 2710 est
2087 2670 2140 2720 ei,

489 2740 595 2792 quia
637 2754 715 2793 pre
756 2742 918 2783 timore
957 2747 997 2783 et
1038 2742 1362 2782 ammiratione
1403 2742 1546 2782 nimia
1586 2746 1626 2783 et
1666 2746 1817 2782 mente
1856 2742 2067 2782 turbatus
2100 2746 2142 2781 et

578 2870 608 2904 1.
649 2870 848 2906 scribenti
881 2871 924 2905 A.
1015 2871 1202 2907 eiusdem
1248 2871 1297 2906 M.
1375 2871 1409 2906 3.
1443 2872 1560 2906 Tunc
1592 2872 1647 2917 Ag
1695 2871 1800 2905 Tum
1843 2870 1884 2906 E.
1977 2870 2138 2905 concal-

490 2926 601 2960 cauit
612 2924 651 2973 (1)
668 2926 718 2969 Α;
751 2927 821 2972 cfr.
841 2927 989 2964 Psalm.
1012 2927 1076 2971 38,
1091 2927 1127 2963 [ι.
1194 2928 1252 2964 10.
1272 2927 1551 2964 Clarauallem
1571 2927 1614 2963 A.
1679 2928 1740 2962 12.
1759 2927 2067 2962 sanctissimam
2088 2927 2139 2962 M.

490 2983 677 3018 tumbam
724 2984 857 3029 ipsius
906 2983 1052 3032 E(M‘?).
1134 2986 1192 3021 19.
1240 2985 1423 3031 peccatis
1471 2985 1558 3020 suis
1607 2985 1647 3019 E.
1728 2985 1787 3019 20.
1828 2984 2046 3030 myrrham
2089 2984 2140 3025 E;

491 3038 638 3074 miram
672 3041 716 3075 A.
781 3042 844 3077 21.
878 3042 1152 3088 thymiamate
1184 3043 1226 3078 E.
1288 3042 1352 3078 24.
1386 3042 1569 3077 vterinu9
1601 3041 1642 3076 A.
1707 3042 1770 3076 25.
1807 3041 2017 3083 viaticum,
2049 3042 2072 3076 i.
2106 3051 2136 3076 e.

490 3100 810 3133 sacramentum.
874 3099 936 3133 28.
972 3099 1258 3135 reconsiliatus
1291 3102 1352 3134 est
1385 3098 1427 3133 A.
1491 3098 1554 3133 34.
1586 3102 1624 3133 et
1658 3101 1794 3133 mente
1826 3095 1875 3142 A3
1910 3101 1949 3133 et
1981 3108 2059 3133 om.
2097 3097 2136 3132 Ε.
