2242 3551
372 231 431 259 DE
464 229 785 260 PROFEcrloNE
818 230 1037 261 DANonM
1071 234 1117 262 IN
1149 233 1509 263 HIEROSOLYMAM
1687 225 1770 265 473

105 346 277 388 resiliit.
365 346 497 386 Vnde
544 345 692 386 multo
740 344 894 386 furore
941 352 1205 388 commotus
1253 349 1547 402 supradictus
1594 350 1673 391 Vlf
1715 351 1770 391 de

107 420 310 462 Loufnes
351 419 578 459 aduersus
618 418 765 470 illum,
812 432 952 472 quern
990 421 1241 473 preducem
1283 422 1597 475 constituerat,
1644 423 1770 464 hunc

106 494 307 535 eundem
354 491 646 532 mutilatione
693 491 1013 532 membrorum
1061 494 1329 535 damnasset
1382 495 1457 535 uel
1504 496 1769 549 suspendio,

106 566 196 607 nisi
229 579 336 606 eum
371 566 613 605 Danorum
646 564 896 617 postulatio
929 565 1222 607 defendisset.
1286 568 1549 620 Postposito
1581 570 1767 609 tandem

106 640 197 680 1100
242 637 590 692 impedimento,
640 650 768 678 more
816 637 950 679 solito
998 638 1111 679 flatu
1159 640 1463 692 compellente
1510 641 1770 693 currebant,

107 713 257 753 donec
285 715 389 752 ante
416 711 653 752 ciuitatem
672 711 1059 763 Tunsbergensem
1086 712 1190 752 uela
1212 713 1517 754 reuoluerent.
1567 714 1769 764 Quidam

108 797 219 825 uero
266 783 453 825 illorum
495 784 715 838 pontibus
760 783 900 824 fixere
940 784 1088 836 funes,
1136 784 1312 825 ciuitati
1353 786 1646 837 adherentes3
1695 787 1771 827 alii

108 857 301 911 quidam
349 858 580 898 anchoras
626 857 846 898 iacientes
890 857 1235 912 aliquantulum
1284 858 1341 898 ab
1389 859 1561 912 oppido
1608 860 1771 900 remoti

108 930 368 983 fluitabant,
400 930 511 985 quia
541 930 664 971 tedio
698 934 740 970 et
773 930 1119 983 compressione
1152 931 1347 971 nauium
1376 931 1550 972 ibidem
1583 932 1772 973 affluen-

109 1004 226 1044 tium
260 1003 383 1044 affici
415 1007 808 1056 contempserunt.

464 1179 600 1226 Caput
632 1179 718 1215 IX.:
754 1179 812 1214 De
845 1178 1097 1226 Tunsbergh
1132 1182 1171 1215 et
1204 1181 1294 1216 eius
1327 1181 1422 1218 situ,

206 1249 384 1329 Situm
424 1284 514 1325 loci
556 1283 697 1324 huius
739 1297 792 1324 eo
835 1297 1029 1337 possum
1072 1285 1349 1326 euidentiori
1382 1285 1486 1326 stilo
1519 1286 1776 1339 depingere,

111 1359 237 1413 quod
284 1358 331 1398 in
379 1371 431 1398 eo
479 1357 677 1409 longiori
721 1361 929 1410 tempore
977 1362 1283 1399 conuersatus
1330 1371 1483 1399 mores
1530 1359 1775 1400 hominum

111 1445 207 1472 non
239 1431 396 1471 minus
429 1444 573 1484 quam
605 1431 815 1471 locorum
851 1430 991 1470 didici
1021 1430 1345 1472 differentiam.
1394 1432 1612 1472 Latitudo
1637 1431 1778 1472 maris

113 1505 324 1558 amplum
367 1505 603 1558 quendam
645 1503 801 1544 sinum
842 1502 1129 1556 profundens
1170 1504 1329 1544 multis
1372 1503 1673 1557 amfractibus
1713 1505 1777 1544 in-

113 1578 238 1618 sulas
272 1591 299 1618 a
329 1589 522 1630 corpore
553 1580 671 1617 terre
704 1577 912 1628 secernit,
954 1590 1156 1631 quarum
1189 1591 1297 1630 una,
1345 1578 1534 1618 nomine
1568 1577 1779 1629 Nioterei,

113 1635 275 1691 contra
314 1650 542 1703 oppidum
583 1649 783 1690 distenta
821 1649 1072 1703 porrigitur
1114 1654 1156 1690 et
1196 1650 1426 1703 positione
1470 1664 1553 1691 sua
1593 1654 1779 1703 portum

113 1727 330 1777 preparat
361 1722 551 1773 ciuitati,
591 1735 680 1776 que
712 1722 855 1763 maris
888 1722 935 1762 in
967 1722 1099 1763 litore
1132 1727 1397 1764 constructa
1429 1727 1592 1777 pontes
1625 1723 1782 1776 prebet

115 1796 409 1837 adeuntibus.
472 1796 676 1836 Piscium
719 1795 1011 1836 marinorum
1050 1795 1167 1835 inibi
1207 1797 1354 1836 multa
1387 1796 1534 1849 copia,
1582 1800 1624 1836 et
1664 1809 1781 1849 aque

115 1869 265 1910 dulcis
296 1869 467 1923 inopia.
518 1869 753 1922 Populosa
785 1868 896 1909 satis
928 1866 989 1922 (in
1024 1872 1165 1909 estate
1198 1872 1384 1922 propter
1410 1869 1605 1909 nauium
1632 1868 1781 1908 multi-

114 1942 325 1983 tudinem
348 1942 555 1995 undique
578 1945 807 1982 terrarum
832 1941 1203 1995 aduentantium)
1227 1942 1352 1982 ciues
1375 1942 1594 1982 honestos
1618 1941 1783 1980 utrius-

116 2029 206 2069 que
262 2028 398 2056 sexus
453 2014 724 2055 liberalitate
783 2018 826 2055 et
872 2014 1249 2068 elemosynarum
1298 2014 1504 2066 largitate
1551 2013 1782 2067 preclaros

116 2088 275 2139 habet3
337 2089 414 2128 sed
471 2087 639 2127 uitiosa
695 2087 870 2140 potatio
923 2091 965 2127 et
1010 2087 1228 2142 frequens
1275 2087 1470 2127 ebrietas
1518 2086 1780 2127 societatem

118 2161 488 2201 conuiciantium
521 2160 678 2200 turbat
709 2164 751 2201 et
783 2173 930 2214 usque
963 2161 1021 2200 ad
1054 2160 1331 2201 effusionem
1372 2159 1567 2200 humani
1605 2157 1781 2198 cruoris

117 2233 316 2285 instigat.
410 2234 544 2274 Mons
594 2233 786 2287 quidam
833 2233 959 2273 iuxta
1008 2233 1234 2286 oppidum
1283 2232 1484 2273 excreuit
1529 2231 1577 2271 in
1625 2231 1782 2281 altum,

119 2306 348 2360 preruptis
402 2306 609 2360 undique
662 2306 859 2359 rupibus
914 2306 1048 2359 quasi
1103 2310 1307 2346 castrum
1355 2306 1591 2359 quoddam
1638 2302 1784 2343 fortis-

121 2379 312 2432 simum,
375 2392 608 2433 nusquam
663 2379 843 2419 aditum
896 2380 1106 2432 pandens
1162 2382 1313 2432 preter
1369 2391 1511 2418 unam
1572 2375 1783 2417 semitam

120 2452 330 2492 humano
362 2451 547 2504 ingenio
580 2452 868 2503 fabricatam,
905 2465 995 2506 que
1027 2452 1207 2492 reclusa
1239 2450 1439 2491 facilime
1472 2451 1627 2490 hostes
1659 2447 1784 2488 adire

121 2537 216 2565 non
263 2524 447 2578 patitur.
535 2524 587 2564 In
643 2524 774 2565 cuius
822 2524 1066 2565 cacumine
1113 2524 1306 2577 pulchre
1353 2525 1617 2563 constructa
1663 2523 1785 2572 patet

123 2597 314 2637 ecclesia
360 2597 480 2637 beati
530 2596 771 2637 Michaelis
817 2598 995 2637 honore
1043 2599 1332 2645 consecrata,
1389 2607 1478 2648 que
1533 2606 1639 2633 cum
1690 2590 1784 2631 suis

212 2707 247 2743 2.
273 2707 699 2753 preduxznostrum
729 2707 898 2743 »Lods«.
963 2707 997 2742 6.
1016 2706 1292 2751 Tunsbergefi
1319 2704 1597 2749 (z-gensem)
1623 2700 1786 2746 scripsi;

124 2764 414 2810 Tunsbergem
454 2764 502 2808 Ο,
544 2775 697 2809 parum
745 2766 851 2800 recta
896 2763 1047 2809 forma.
1128 2763 1249 2798 7-—8.
1289 2761 1359 2797 alii
1406 2760 1578 2807 quidam
1620 2758 1668 2799 S;
1715 2758 1785 2792 alii

125 2821 295 2868 quidem
331 2821 418 2857 MA.
488 2822 523 2858 9.
556 2824 595 2857 et
627 2822 948 2868 compressione
980 2821 1035 2866 03
1082 2820 1228 2856 rectius
1260 2819 1337 2855 vid.
1374 2829 1421 2853 ex
1453 2815 1783 2862 compressione.

128 2878 190 2914 10.
228 2874 1171 2925 contempserunt:noluerunt‚‘aspernati
1210 2879 1319 2913 sunt.
1368 2894 1422 2900 -
1472 2875 1533 2909 12.
1581 2883 1630 2908 eo
1677 2871 1788 2918 posi-

124 2938 214 2971 tum
232 2933 272 2983 (1)
319 2935 358 2971 S.
462 2936 525 2972 15.
577 2935 808 2972 afr-actibus
855 2935 1018 2981 scripsi3
1078 2934 1285 2970 tractibus
1332 2932 1380 2968 Ο.
1490 2931 1551 2967 16.
1598 2929 1785 2965 Ν1010101

126 2991 400 3040 (Norwaqicet
447 2991 665 3041 Njotarey)
707 2994 869 3039 scripsi3
916 2992 1100 3028 mocerei
1133 2991 1181 3027 O.
1260 2990 1324 3025 22.
1359 2988 1712 3024 eleemosinarum
1746 2985 1786 3021 S.

129 3050 194 3086 30.
228 3050 392 3086 honore
425 3050 480 3095 03
512 3051 667 3086 honori
702 3050 782 3096 KL,
811 3050 906 3096 fort.
941 3049 1098 3092 rectius,
1131 3047 1212 3083 nisi
1242 3045 1364 3082 malis
1395 3046 1437 3081 in
1470 3045 1508 3081 b.
1540 3045 1589 3080 M.
1622 3043 1787 3079 honore

127 3105 309 3143 scribere.

1800 1013 1842 1044 10

1806 1512 1848 1543 15

1807 1877 1851 1908 20

1810 2241 1853 2272 25

1812 2602 1856 2634 30
