2242 3551
452 970 491 1001 10

453 1456 495 1487 15

453 1819 495 1850 20

338 2106 412 2137 Fol.
428 2103 500 2137 30¹1

457 2181 498 2212 25

461 2544 503 2575 30

516 184 597 223 212
858 193 1134 224 SCRIPTORES
1167 193 1394 223 HISTORIAE
1427 194 1603 223 DANICAE
1636 194 1834 224 MINORES

518 309 758 350 suetudine
798 312 1065 360 asserentes,
1111 320 1192 348 vos
1241 311 1282 348 et
1328 309 1605 349 monasteria
1654 312 1805 349 uestra
1852 312 2034 361 propter
2079 309 2167 349 1100

517 381 829 435 multipliciter
890 384 1142 433 aggrauant
1197 384 1239 421 et
1290 380 1546 421 molestant.
1639 380 1732 421 Nos
1788 380 1943 433 igitur,
2005 380 2168 420 uestris

517 452 934 507 supplicationibus
987 452 1214 504 inclinati,
1275 456 1316 492 et
1369 453 1576 493 uolentes
1629 453 1676 492 in
1723 453 1810 493 1130
1856 456 1983 505 parte
2029 452 2168 505 quieti

518 529 667 567 uestre
699 530 888 579 paterna
921 524 1165 577 diligencia
1196 524 1454 578 prouidere,
1488 525 1554 565 Ne
1595 525 1841 578 quisquam
1876 525 2077 577 prelatus
2110 525 2169 576 id,

517 599 641 653 quod
675 598 740 639 sic
771 598 967 650 gratiose
998 597 1262 650 inpenditiS,
1310 611 1335 638 a
1368 598 1503 638 uobis
1536 610 1587 638 ex
1620 597 1774 638 debito
1807 610 1886 638 seu
1920 595 2168 650 prescripta

517 670 852 712 consuetudine
884 673 1120 723 presumat
1152 669 1340 721 exigere,
1382 670 1651 710 auctoritate
1683 669 1966 723 presentium
1998 668 2171 709 distric-

516 744 608 784 tius
654 742 932 784 inhibemus.
1017 741 1141 782 Nulli
1189 753 1293 794 ergo
1341 742 1532 783 omnino
1580 742 1825 782 hominum
1873 742 2005 782 liceat
2050 742 2171 782 hanc

517 815 731 870 paginam
772 819 927 856 nostre
968 814 1258 855 inhibitionis
1294 814 1552 867 infringere,
1594 815 1666 855 uel
1706 814 1745 855 ei
1777 827 1894 855 ausu
1928 814 2170 855 temerario

518 889 565 929 in
607 888 762 943 aliquo
805 887 1043 929 contraire.
1108 886 1259 940 Siquis
1306 891 1459 927 autem
1498 888 1588 927 hoc
1625 890 1894 939 attemptare
1936 899 2172 940 presump-

520 960 639 1012 serit,
686 960 1050 1012 indignationem
1098 959 1427 1011 omnipotentis
1474 959 1547 999 dei
1594 963 1635 1000 et
1681 959 1920 999 beatorum
1965 958 2083 999 Petri
2131 962 2172 999 et

521 1033 651 1074 Pauli
683 1033 1001 1086 apostolorum
1034 1032 1132 1072 eius
1156 1044 1202 1072 se
1227 1030 1410 1071 nouerit
1432 1031 1741 1072 incursurum.
1791 1032 1959 1071 Datum
1981 1031 2171 1083 Neapoli

520 1097 586 1149 .x⁰v.
622 1107 687 1147 Kt.
722 1105 903 1159 Aprilis,
936 1104 1231 1158 pontificatus
1264 1104 1407 1145 nostri
1439 1117 1562 1145 anno
1596 1105 1784 1158 primo«

970 1269 1070 1304 Item
1105 1267 1184 1303 alia
1218 1267 1406 1303 eiusdem
1440 1268 1552 1304 unde
1584 1278 1723 1315 supra.

611 1339 927 1417 »Alexander
959 1373 1217 1426 episcopus,
1251 1385 1413 1412 seruus
1446 1385 1686 1413 seruorum
1720 1372 1806 1424 dei,
1854 1371 2028 1412 dilectis
2067 1371 2172 1425 filijs

521 1447 677 1488 abbati
696 1446 984 1488 Cisterciensi
1007 1445 1196 1498 eiusque
1219 1444 1522 1485 coabbatibus
1548 1449 1589 1485 et
1612 1444 1920 1485 conuentibus
1946 1444 2174 1485 uniuersis

523 1519 836 1561 Cisterciensis
882 1517 1058 1559 ordinis
1106 1517 1299 1557 salutem
1348 1520 1389 1557 et
1435 1517 1737 1570 apostolicam
1793 1516 2172 1558 benedictionem.

523 1592 660 1633 Sedes
682 1590 935 1644 apostolica
958 1589 1087 1630 duxit
1110 1589 1243 1630 uobis
1268 1589 1462 1642 prouide
1489 1590 1852 1641 concedendum,
1886 1575 1977 1643 <ιιί>
2000 1602 2025 1629 3
2048 1588 2174 1628 nullo

522 1664 611 1705 alio
644 1663 731 1704 nisi
764 1677 788 1704 a
824 1662 1031 1715 patribus
1063 1661 1310 1702 abbatibus
1349 1674 1428 1702 seu
1469 1662 1608 1702 uestri
1640 1661 1815 1702 ordinis
1848 1660 2104 1709 monachis,
2150 1673 2172 1700 3

521 1736 653 1778 dictis
679 1735 925 1777 abbatibus
948 1747 1085 1788 super
1108 1735 1197 1775 hoc
1220 1734 1463 1787 deputatis,
1488 1734 1664 1775 uisitari
1690 1734 1763 1775 uel
1785 1733 1949 1785 corrigi
1972 1733 2174 1774 ualeatis.

523 1809 643 1860 Quia
675 1821 785 1849 uero
819 1808 883 1848 sic
916 1811 1022 1848 sunt
1046 1806 1393 1860 procurationes
1418 1806 1671 1847 uisitationi
1694 1819 1885 1858 annexe,
1920 1794 2176 1859 ut‘prelatis

524 1895 618 1923 non
652 1881 753 1932 sint,
801 1881 888 1921 nisi
922 1879 1121 1931 uisitent,
1161 1878 1430 1931 exhibende,
1471 1879 1739 1920 auctoritate
1772 1878 2077 1932 presencium,
2121 1890 2176 1918 ne

525 1954 771 2008 quisquam
805 1954 1094 2006 dyocesanus
1127 1955 1205 1992 aut
1237 1952 1439 2004 prelatus
1471 1951 1589 1991 alius
1621 1965 1646 1992 a
1672 1952 1807 1992 uobis
1834 1950 2175 2004 procurationes

525 2026 794 2067 huiusmodi
848 2025 1023 2077 exigere
1076 2024 1149 2065 uel
1206 2028 1472 2077 extorquere
1519 2029 1774 2077 presumat,
1837 2036 1920 2064 nec
1970 2036 2054 2063 uos
2101 2035 2177 2062 eas

528 2098 745 2139 exibeatis
793 2097 979 2149 eisdem,
1021 2096 1271 2137 districtius
1311 2096 1589 2148 inhibemus,
1637 2098 1932 2137 decernentes
1968 2094 1980 2149 Η
2019 2096 2177 2135 eadem

524 2171 765 2211 autoritate
797 2170 977 2211 irritum
1012 2174 1053 2210 et
1084 2168 1234 2221 inane,
1279 2168 1431 2222 siquid
1473 2172 1630 2209 contra
1663 2169 1988 2209 inhibitionem
2024 2167 2178 2208 huius-

530 2243 655 2284 modi
695 2256 719 2283 a
759 2255 995 2297 quoquam
1038 2241 1223 2295 propria
1266 2241 1517 2282 temeritate
1564 2241 1699 2282 fuerit
1744 2244 2080 2295 presumptum,
2126 2251 2178 2279 ac

530 2315 799 2368 sentencias,
833 2315 869 2355 si
901 2328 990 2369 que
1020 2314 1068 2355 in
1102 2327 1186 2354 uos
1219 2313 1487 2354 huiusmodi
1520 2313 1762 2354 occasione
1796 2313 1968 2367 prolate
1998 2312 2177 2363 fuerint,

530 2401 623 2429 non
646 2392 811 2429 tenere.
861 2387 985 2428 Nulli
1009 2398 1112 2439 ergo
1145 2386 1336 2427 omnino
1369 2386 1615 2426 hominum
1648 2386 1780 2426 liceat
1811 2386 1932 2426 hanc
1964 2384 2176 2438 paginam

530 2464 683 2501 nostre
729 2460 1018 2500 inhibitionis
1059 2464 1100 2500 et
1152 2458 1490 2500 constitutionis
1536 2458 1802 2510 infringere,
1859 2458 1930 2498 uel
1977 2457 2016 2497 ei
2063 2469 2177 2497 ausu

531 2533 772 2574 temerario
810 2531 1048 2573 contraire.
1113 2531 1265 2585 Siquis
1312 2535 1463 2571 autem
1508 2531 1595 2571 hoc
1633 2533 1903 2583 attemptare
1945 2541 2178 2582 presump-

531 2605 649 2656 serit,
694 2604 1059 2656 indignationem
1107 2603 1435 2657 omnipotentis
1482 2604 1553 2643 dei
1600 2607 1641 2643 et
1687 2603 1927 2643 beatorum
1976 2600 2095 2642 Petri
2139 2603 2179 2641 et

532 2677 663 2717 Pauli
692 2676 1008 2730 apostolorum
1041 2676 1139 2716 eius
1165 2688 1211 2716 se
1237 2675 1417 2716 nouerit
1439 2675 1748 2716 incursurum.
1799 2675 1968 2715 Datum
1989 2672 2176 2726 Neapoli

532 2762 614 2790 .xv.
651 2750 716 2790 Kt.
752 2748 873 2801 Maij,
906 2747 1202 2802 pontificatus
1235 2747 1377 2788 nostri
1410 2760 1532 2788 anno
1565 2747 1754 2800 primo«

620 2886 683 2922 13.
719 2885 840 2921 Hunc
873 2895 1030 2921 versum
1064 2883 1293 2920 rubricator
1319 2883 1457 2928 pinxit
1487 2884 1606 2927 (sicut
1635 2882 1755 2919 etiam
1781 2882 1955 2918 litteram
1982 2881 2177 2917 initialem

532 2945 562 2978 A
596 2943 635 2978 in
658 2953 696 2988 p.
715 2941 873 2986 211‚23
903 2944 995 2988 etp.
1015 2940 1198 2987 21214).
1264 2940 1323 2976 17.
1358 2944 1403 2976 ut
1433 2940 1585 2976 addidi.
1647 2939 1824 2976 23—24.
1857 2940 1916 2974 eis
1949 2937 2177 2974 exhibeatis

534 3000 689 3036 eisdem
738 3000 829 3035 dist.
878 2997 942 3044 CS‚
989 2998 1154 3034 correxi.
1246 2998 1309 3034 28.
1356 3001 1497 3033 tenere
1538 2997 1770 3043 siqnisicare
1811 2996 1982 3031 videtur:
2030 2995 2174 3031 valere.

535 3057 711 3093 31—32.
745 3067 806 3103 pe.
836 3060 854 3092 7
885 3067 978 3103 pau.
1011 3054 1074 3092 CS.
