<?xml version="1.0" encoding="UTF-8"?>
<!DOCTYPE html PUBLIC "-//W3C//DTD XHTML 1.0 Transitional//EN"
    "http://www.w3.org/TR/xhtml1/DTD/xhtml1-transitional.dtd">
<html xmlns="http://www.w3.org/1999/xhtml" xml:lang="en" lang="en">
 <head>
  <title>
</title>
<meta http-equiv="Content-Type" content="text/html;charset=utf-8" />
  <meta name='ocr-system' content='tesseract 3.04.00' />
  <meta name='ocr-capabilities' content='ocr_page ocr_carea ocr_par ocr_line ocrx_word'/>
</head>
<body>
  <div class='ocr_page' id='page_1' title='image "./scriptoresminore212gert/scriptoresminore212gert_0267.png"; bbox 0 0 2242 3551; ppageno 0'>
   <div class='ocr_carea' id='block_1_1' title="bbox 485 198 1770 238">
    <p class='ocr_par' dir='ltr' id='par_1_1' title="bbox 485 198 1770 238">
     <span class='ocr_line' id='line_1_1' title="bbox 485 198 1770 238; baseline 0.002 -3"><span class='ocrx_word' id='word_1_1' title='bbox 485 206 721 236; x_wconf 83' lang='lat' dir='ltr'>EXORDIVM</span> <span class='ocrx_word' id='word_1_2' title='bbox 754 206 1033 236; x_wconf 77' lang='lat' dir='ltr'>MONASTERII</span> <span class='ocrx_word' id='word_1_3' title='bbox 1065 206 1194 236; x_wconf 82' lang='lat' dir='ltr'>CARAE</span> <span class='ocrx_word' id='word_1_4' title='bbox 1226 207 1400 236; x_wconf 81' lang='lat' dir='ltr'>INSVLAE</span> <span class='ocrx_word' id='word_1_5' title='bbox 1691 198 1770 238; x_wconf 83' lang='lat'>257</span> 
     </span>
    </p>
   </div>
   <div class='ocr_carea' id='block_1_2' title="bbox 105 321 1844 2629">
    <p class='ocr_par' dir='ltr' id='par_1_2' title="bbox 107 321 1844 1030">
     <span class='ocr_line' id='line_1_2' title="bbox 113 321 1776 375; baseline 0 -11"><span class='ocrx_word' id='word_1_6' title='bbox 113 321 299 364; x_wconf 86' lang='lat' dir='ltr'>Executi</span> <span class='ocrx_word' id='word_1_7' title='bbox 333 334 495 362; x_wconf 88' lang='lat' dir='ltr'>sumus</span> <span class='ocrx_word' id='word_1_8' title='bbox 528 321 665 373; x_wconf 88' lang='lat' dir='ltr'>istud,</span> <span class='ocrx_word' id='word_1_9' title='bbox 699 321 817 362; x_wconf 92' lang='lat' dir='ltr'>sicut</span> <span class='ocrx_word' id='word_1_10' title='bbox 848 321 1015 373; x_wconf 78' lang='lat' dir='ltr'>decuit,</span> <span class='ocrx_word' id='word_1_11' title='bbox 1049 321 1263 373; x_wconf 82' lang='lat' dir='ltr'>legitimis</span> <span class='ocrx_word' id='word_1_12' title='bbox 1296 322 1616 375; x_wconf 86' lang='lat' dir='ltr'>citacionibus,</span> <span class='ocrx_word' id='word_1_13' title='bbox 1654 323 1776 364; x_wconf 87' lang='lat' dir='ltr'>vide-</span> 
     </span>
     <span class='ocr_line' id='line_1_3' title="bbox 111 393 1772 447; baseline 0.001 -11"><span class='ocrx_word' id='word_1_14' title='bbox 111 396 213 437; x_wconf 90' lang='lat' dir='ltr'>licet</span> <span class='ocrx_word' id='word_1_15' title='bbox 245 394 376 435; x_wconf 89' lang='lat' dir='ltr'>trinis</span> <span class='ocrx_word' id='word_1_16' title='bbox 409 393 583 445; x_wconf 87' lang='lat' dir='ltr'>edictis,</span> <span class='ocrx_word' id='word_1_17' title='bbox 618 394 862 434; x_wconf 88' lang='lat' dir='ltr'>Tukonem</span> <span class='ocrx_word' id='word_1_18' title='bbox 897 393 1169 447; x_wconf 87' lang='lat' dir='ltr'>episcopum</span> <span class='ocrx_word' id='word_1_19' title='bbox 1194 394 1492 436; x_wconf 89' lang='lat' dir='ltr'>Arusiensem</span> <span class='ocrx_word' id='word_1_20' title='bbox 1525 397 1583 436; x_wconf 90' lang='lat' dir='ltr'>ad</span> <span class='ocrx_word' id='word_1_21' title='bbox 1618 396 1772 437; x_wconf 92' lang='lat' dir='ltr'>locum</span> 
     </span>
     <span class='ocr_line' id='line_1_4' title="bbox 111 466 1775 522; baseline 0 -13"><span class='ocrx_word' id='word_1_22' title='bbox 111 472 257 509; x_wconf 87' lang='lat' dir='ltr'>tutum</span> <span class='ocrx_word' id='word_1_23' title='bbox 291 471 333 508; x_wconf 89' lang='lat' dir='ltr'>et</span> <span class='ocrx_word' id='word_1_24' title='bbox 365 466 734 518; x_wconf 87' lang='lat' dir='ltr'>conuenientem,</span> <span class='ocrx_word' id='word_1_25' title='bbox 783 470 832 506; x_wconf 92' lang='lat' dir='ltr'>ut</span> <span class='ocrx_word' id='word_1_26' title='bbox 870 470 1160 519; x_wconf 86' lang='lat' dir='ltr'>compareret</span> <span class='ocrx_word' id='word_1_27' title='bbox 1202 480 1283 520; x_wconf 89' lang='lat' dir='ltr'>per</span> <span class='ocrx_word' id='word_1_28' title='bbox 1315 481 1362 508; x_wconf 86' lang='lat' dir='ltr'>se</span> <span class='ocrx_word' id='word_1_29' title='bbox 1395 468 1468 509; x_wconf 89' lang='lat' dir='ltr'>uel</span> <span class='ocrx_word' id='word_1_30' title='bbox 1501 482 1581 522; x_wconf 89' lang='lat' dir='ltr'>per</span> <span class='ocrx_word' id='word_1_31' title='bbox 1613 482 1775 522; x_wconf 87' lang='lat' dir='ltr'>procu-</span> 
     </span>
     <span class='ocr_line' id='line_1_5' title="bbox 110 539 1773 593; baseline -0.001 -11"><span class='ocrx_word' id='word_1_32' title='bbox 110 545 321 593; x_wconf 84' lang='lat' dir='ltr'>ratorem,</span> <span class='ocrx_word' id='word_1_33' title='bbox 370 544 418 580; x_wconf 93' lang='lat' dir='ltr'>ut</span> <span class='ocrx_word' id='word_1_34' title='bbox 451 540 750 593; x_wconf 71' lang='lat' dir='ltr'>responderet</span> <span class='ocrx_word' id='word_1_35' title='bbox 782 540 837 580; x_wconf 92' lang='lat' dir='ltr'>de</span> <span class='ocrx_word' id='word_1_36' title='bbox 870 539 1075 591; x_wconf 75' lang='lat' dir='ltr'>obiectis,</span> <span class='ocrx_word' id='word_1_37' title='bbox 1123 540 1337 581; x_wconf 88' lang='lat' dir='ltr'>beniuole</span> <span class='ocrx_word' id='word_1_38' title='bbox 1371 542 1627 582; x_wconf 89' lang='lat' dir='ltr'>secundum</span> <span class='ocrx_word' id='word_1_39' title='bbox 1662 542 1773 582; x_wconf 89' lang='lat' dir='ltr'>iuris</span> 
     </span>
     <span class='ocr_line' id='line_1_6' title="bbox 110 598 1820 666; baseline -0.001 -13"><span class='ocrx_word' id='word_1_40' title='bbox 110 612 317 653; x_wconf 85' lang='lat' dir='ltr'>ordinem</span> <span class='ocrx_word' id='word_1_41' title='bbox 343 612 596 653; x_wconf 89' lang='lat' dir='ltr'>euocando.</span> <span class='ocrx_word' id='word_1_42' title='bbox 632 610 723 661; x_wconf 81' lang='lat' dir='ltr'>Qui</span> <span class='ocrx_word' id='word_1_43' title='bbox 751 612 798 652; x_wconf 92' lang='lat' dir='ltr'>in</span> <span class='ocrx_word' id='word_1_44' title='bbox 826 611 976 665; x_wconf 89' lang='lat' dir='ltr'>prima</span> <span class='ocrx_word' id='word_1_45' title='bbox 1002 611 1218 652; x_wconf 79' lang='lat' dir='ltr'>citatione</span> <span class='ocrx_word' id='word_1_46' title='bbox 1252 598 1393 666; x_wconf 84' lang='lat' dir='ltr'>&lt;misit</span> <span class='ocrx_word' id='word_1_47' title='bbox 1421 600 1773 666; x_wconf 77' lang='lat' dir='ltr'>procuratorem&gt;</span> <span class='ocrx_word' id='word_1_48' title='bbox 1801 623 1820 652; x_wconf 83' lang='lat'>5</span> 
     </span>
     <span class='ocr_line' id='line_1_7' title="bbox 110 684 1775 740; baseline 0.001 -15"><span class='ocrx_word' id='word_1_49' title='bbox 110 685 263 725; x_wconf 89' lang='lat' dir='ltr'>minus</span> <span class='ocrx_word' id='word_1_50' title='bbox 311 685 562 738; x_wconf 87' lang='lat' dir='ltr'>ydoneum,</span> <span class='ocrx_word' id='word_1_51' title='bbox 610 684 827 725; x_wconf 91' lang='lat' dir='ltr'>uidelicet</span> <span class='ocrx_word' id='word_1_52' title='bbox 874 684 1347 737; x_wconf 85' lang='lat' dir='ltr'>excommunicatum,</span> <span class='ocrx_word' id='word_1_53' title='bbox 1400 686 1479 739; x_wconf 91' lang='lat' dir='ltr'>qui</span> <span class='ocrx_word' id='word_1_54' title='bbox 1527 699 1775 740; x_wconf 80' lang='lat' dir='ltr'>personam</span> 
     </span>
     <span class='ocr_line' id='line_1_8' title="bbox 110 756 1774 812; baseline 0.001 -14"><span class='ocrx_word' id='word_1_55' title='bbox 110 757 260 799; x_wconf 90' lang='lat' dir='ltr'>standi</span> <span class='ocrx_word' id='word_1_56' title='bbox 306 770 401 798; x_wconf 91' lang='lat' dir='ltr'>non</span> <span class='ocrx_word' id='word_1_57' title='bbox 450 757 615 798; x_wconf 87' lang='lat' dir='ltr'>habuit</span> <span class='ocrx_word' id='word_1_58' title='bbox 660 757 708 797; x_wconf 89' lang='lat' dir='ltr'>in</span> <span class='ocrx_word' id='word_1_59' title='bbox 755 756 953 808; x_wconf 91' lang='lat' dir='ltr'>iudicio,</span> <span class='ocrx_word' id='word_1_60' title='bbox 1003 757 1120 798; x_wconf 89' lang='lat' dir='ltr'>sicut</span> <span class='ocrx_word' id='word_1_61' title='bbox 1167 757 1253 797; x_wconf 85' lang='lat' dir='ltr'>fuit</span> <span class='ocrx_word' id='word_1_62' title='bbox 1300 762 1459 798; x_wconf 89' lang='lat' dir='ltr'>contra</span> <span class='ocrx_word' id='word_1_63' title='bbox 1507 759 1654 812; x_wconf 82' lang='lat' dir='ltr'>ipsam</span> <span class='ocrx_word' id='word_1_64' title='bbox 1705 772 1774 799; x_wconf 77' lang='lat' dir='ltr'>ex-</span> 
     </span>
     <span class='ocr_line' id='line_1_9' title="bbox 109 830 1774 885; baseline 0.001 -13"><span class='ocrx_word' id='word_1_65' title='bbox 109 835 290 885; x_wconf 87' lang='lat' dir='ltr'>ceptum</span> <span class='ocrx_word' id='word_1_66' title='bbox 345 835 387 871; x_wconf 90' lang='lat' dir='ltr'>et</span> <span class='ocrx_word' id='word_1_67' title='bbox 444 844 525 885; x_wconf 87' lang='lat' dir='ltr'>per</span> <span class='ocrx_word' id='word_1_68' title='bbox 578 831 787 884; x_wconf 86' lang='lat' dir='ltr'>ydoneos</span> <span class='ocrx_word' id='word_1_69' title='bbox 842 834 978 870; x_wconf 87' lang='lat' dir='ltr'>testes</span> <span class='ocrx_word' id='word_1_70' title='bbox 1033 830 1280 883; x_wconf 88' lang='lat' dir='ltr'>probatum</span> <span class='ocrx_word' id='word_1_71' title='bbox 1345 831 1556 872; x_wconf 86' lang='lat' dir='ltr'>similiter</span> <span class='ocrx_word' id='word_1_72' title='bbox 1618 844 1774 873; x_wconf 88' lang='lat' dir='ltr'>coram</span> 
     </span>
     <span class='ocr_line' id='line_1_10' title="bbox 109 903 1775 957; baseline 0.001 -12"><span class='ocrx_word' id='word_1_73' title='bbox 109 904 254 945; x_wconf 90' lang='lat' dir='ltr'>nobis.</span> <span class='ocrx_word' id='word_1_74' title='bbox 333 904 383 945; x_wconf 87' lang='lat' dir='ltr'>ln</span> <span class='ocrx_word' id='word_1_75' title='bbox 433 903 534 957; x_wconf 90' lang='lat' dir='ltr'>alijs</span> <span class='ocrx_word' id='word_1_76' title='bbox 583 916 694 944; x_wconf 90' lang='grc'>11610</span> <span class='ocrx_word' id='word_1_77' title='bbox 743 903 1061 954; x_wconf 80' lang='lat' dir='ltr'>citationibus,</span> <span class='ocrx_word' id='word_1_78' title='bbox 1119 916 1258 957; x_wconf 89' lang='lat' dir='ltr'>supra</span> <span class='ocrx_word' id='word_1_79' title='bbox 1313 904 1426 944; x_wconf 85' lang='lat' dir='ltr'>iuris</span> <span class='ocrx_word' id='word_1_80' title='bbox 1473 904 1671 957; x_wconf 83' lang='lat' dir='ltr'>rigorem</span> <span class='ocrx_word' id='word_1_81' title='bbox 1720 906 1775 946; x_wconf 91' lang='lat' dir='ltr'>de</span> 
     </span>
     <span class='ocr_line' id='line_1_11' title="bbox 107 975 1844 1030; baseline 0 -13"><span class='ocrx_word' id='word_1_82' title='bbox 107 977 249 1029; x_wconf 86' lang='lat' dir='ltr'>gratia</span> <span class='ocrx_word' id='word_1_83' title='bbox 281 975 509 1030; x_wconf 81' lang='lat' dir='ltr'>expeditis,</span> <span class='ocrx_word' id='word_1_84' title='bbox 542 989 628 1017; x_wconf 88' lang='lat' dir='ltr'>nec</span> <span class='ocrx_word' id='word_1_85' title='bbox 661 976 789 1017; x_wconf 90' lang='lat' dir='ltr'>uenit</span> <span class='ocrx_word' id='word_1_86' title='bbox 821 988 908 1017; x_wconf 87' lang='lat' dir='ltr'>nec</span> <span class='ocrx_word' id='word_1_87' title='bbox 939 976 1141 1030; x_wconf 85' lang='lat' dir='ltr'>aliquem</span> <span class='ocrx_word' id='word_1_88' title='bbox 1176 989 1259 1030; x_wconf 89' lang='lat' dir='ltr'>pro</span> <span class='ocrx_word' id='word_1_89' title='bbox 1294 990 1339 1017; x_wconf 86' lang='lat' dir='ltr'>se</span> <span class='ocrx_word' id='word_1_90' title='bbox 1373 977 1508 1018; x_wconf 89' lang='lat' dir='ltr'>misit.</span> <span class='ocrx_word' id='word_1_91' title='bbox 1803 988 1844 1017; x_wconf 90' lang='lat'>10</span> 
     </span>
    </p>

    <p class='ocr_par' dir='ltr' id='par_1_3' title="bbox 105 1049 1839 2629">
     <span class='ocr_line' id='line_1_12' title="bbox 193 1049 1771 1103; baseline 0.001 -13"><span class='ocrx_word' id='word_1_92' title='bbox 193 1050 377 1091; x_wconf 92' lang='lat' dir='ltr'>Prime</span> <span class='ocrx_word' id='word_1_93' title='bbox 419 1050 544 1091; x_wconf 86' lang='lat' dir='ltr'>enim</span> <span class='ocrx_word' id='word_1_94' title='bbox 592 1049 824 1090; x_wconf 84' lang='lat' dir='ltr'>citationis</span> <span class='ocrx_word' id='word_1_95' title='bbox 864 1049 968 1090; x_wconf 89' lang='lat' dir='ltr'>talis</span> <span class='ocrx_word' id='word_1_96' title='bbox 1011 1054 1107 1090; x_wconf 88' lang='lat' dir='ltr'>erat</span> <span class='ocrx_word' id='word_1_97' title='bbox 1148 1053 1302 1090; x_wconf 84' lang='lat' dir='ltr'>tenor:</span> <span class='ocrx_word' id='word_1_98' title='bbox 1356 1051 1459 1101; x_wconf 84' lang='lat' dir='ltr'>».B.,</span> <span class='ocrx_word' id='word_1_99' title='bbox 1508 1051 1580 1091; x_wconf 93' lang='lat' dir='ltr'>dei</span> <span class='ocrx_word' id='word_1_100' title='bbox 1629 1052 1771 1103; x_wconf 80' lang='lat' dir='ltr'>gratia</span> 
     </span>
     <span class='ocr_line' id='line_1_13' title="bbox 109 1122 1767 1177; baseline -0.002 -13"><span class='ocrx_word' id='word_1_101' title='bbox 109 1123 417 1165; x_wconf 84' lang='lat' dir='ltr'>sleswicensis</span> <span class='ocrx_word' id='word_1_102' title='bbox 466 1122 733 1177; x_wconf 91' lang='lat' dir='ltr'>episcopus,</span> <span class='ocrx_word' id='word_1_103' title='bbox 794 1122 937 1176; x_wconf 88' lang='lat' dir='ltr'>priori</span> <span class='ocrx_word' id='word_1_104' title='bbox 983 1122 1328 1176; x_wconf 84' lang='lat' dir='ltr'>predicatorum</span> <span class='ocrx_word' id='word_1_105' title='bbox 1375 1123 1422 1163; x_wconf 90' lang='lat' dir='ltr'>in</span> <span class='ocrx_word' id='word_1_106' title='bbox 1470 1124 1607 1176; x_wconf 81' lang='lat' dir='ltr'>Arus,</span> <span class='ocrx_word' id='word_1_107' title='bbox 1655 1126 1767 1166; x_wconf 75' lang='lat' dir='ltr'>&amp;c&#39;.«</span> 
     </span>
     <span class='ocr_line' id='line_1_14' title="bbox 105 1194 1771 1251; baseline 0.001 -16"><span class='ocrx_word' id='word_1_108' title='bbox 105 1194 267 1251; x_wconf 87' lang='lat' dir='ltr'>(uerte</span> <span class='ocrx_word' id='word_1_109' title='bbox 297 1198 501 1235; x_wconf 88' lang='lat' dir='ltr'>folium:</span> <span class='ocrx_word' id='word_1_110' title='bbox 539 1198 739 1234; x_wconf 82' lang='lat' dir='ltr'>»Litteras</span> <span class='ocrx_word' id='word_1_111' title='bbox 763 1197 1020 1234; x_wconf 81' lang='lat' dir='ltr'>uenerabilis</span> <span class='ocrx_word' id='word_1_112' title='bbox 1046 1198 1178 1244; x_wconf 87' lang='lat' dir='ltr'>patris</span> <span class='ocrx_word' id='word_1_113' title='bbox 1206 1198 1352 1244; x_wconf 86' lang='lat' dir='ltr'>nostri,</span> <span class='ocrx_word' id='word_1_114' title='bbox 1385 1199 1545 1234; x_wconf 89' lang='lat' dir='ltr'>domini</span> <span class='ocrx_word' id='word_1_115' title='bbox 1565 1200 1771 1236; x_wconf 89' lang='lat' dir='ltr'>Guidonis</span> 
     </span>
     <span class='ocr_line' id='line_1_15' title="bbox 107 1266 1770 1315; baseline 0.001 -11"><span class='ocrx_word' id='word_1_116' title='bbox 107 1268 333 1304; x_wconf 88' lang='lat' dir='ltr'>cardinalis</span> <span class='ocrx_word' id='word_1_117' title='bbox 366 1268 606 1315; x_wconf 87' lang='lat' dir='ltr'>recepimus</span> <span class='ocrx_word' id='word_1_118' title='bbox 638 1268 681 1303; x_wconf 90' lang='lat' dir='ltr'>in</span> <span class='ocrx_word' id='word_1_119' title='bbox 715 1268 793 1303; x_wconf 89' lang='lat' dir='ltr'>hec</span> <span class='ocrx_word' id='word_1_120' title='bbox 825 1266 975 1303; x_wconf 89' lang='lat' dir='ltr'>uerba:</span> <span class='ocrx_word' id='word_1_121' title='bbox 1025 1268 1171 1303; x_wconf 86' lang='lat' dir='ltr'>Frater</span> <span class='ocrx_word' id='word_1_122' title='bbox 1204 1268 1269 1313; x_wconf 78' lang='lat' dir='ltr'>.G.,</span> <span class='ocrx_word' id='word_1_123' title='bbox 1313 1268 1585 1304; x_wconf 81' lang='lat' dir='ltr'>miseratione</span> <span class='ocrx_word' id='word_1_124' title='bbox 1626 1269 1770 1305; x_wconf 88' lang='lat' dir='ltr'>diuina</span> 
     </span>
     <span class='ocr_line' id='line_1_16' title="bbox 106 1336 1839 1394; baseline 0.001 -17"><span class='ocrx_word' id='word_1_125' title='bbox 106 1336 241 1394; x_wconf 88' lang='lat' dir='ltr'>&amp;c’.‹&lt;).</span> <span class='ocrx_word' id='word_1_126' title='bbox 289 1339 346 1379; x_wconf 91' lang='lat' dir='ltr'>Et</span> <span class='ocrx_word' id='word_1_127' title='bbox 372 1351 480 1380; x_wconf 89' lang='lat' dir='ltr'>cum</span> <span class='ocrx_word' id='word_1_128' title='bbox 507 1338 630 1379; x_wconf 89' lang='lat' dir='ltr'>idem</span> <span class='ocrx_word' id='word_1_129' title='bbox 659 1337 784 1391; x_wconf 89' lang='lat' dir='ltr'>prior</span> <span class='ocrx_word' id='word_1_130' title='bbox 809 1337 963 1391; x_wconf 89' lang='lat' dir='ltr'>ipsum</span> <span class='ocrx_word' id='word_1_131' title='bbox 995 1337 1134 1379; x_wconf 89' lang='lat' dir='ltr'>citare</span> <span class='ocrx_word' id='word_1_132' title='bbox 1160 1351 1254 1379; x_wconf 90' lang='grc'>11011</span> <span class='ocrx_word' id='word_1_133' title='bbox 1280 1343 1579 1392; x_wconf 68' lang='lat' dir='ltr'>presumeret,</span> <span class='ocrx_word' id='word_1_134' title='bbox 1612 1352 1769 1381; x_wconf 86' lang='lat' dir='ltr'>coram</span> <span class='ocrx_word' id='word_1_135' title='bbox 1798 1348 1839 1378; x_wconf 87' lang='lat'>15</span> 
     </span>
     <span class='ocr_line' id='line_1_17' title="bbox 105 1410 1770 1466; baseline 0.001 -14"><span class='ocrx_word' id='word_1_136' title='bbox 105 1411 205 1465; x_wconf 93' lang='lat' dir='ltr'>ipso</span> <span class='ocrx_word' id='word_1_137' title='bbox 240 1411 478 1452; x_wconf 88' lang='lat' dir='ltr'>Arusiensi</span> <span class='ocrx_word' id='word_1_138' title='bbox 517 1411 734 1465; x_wconf 91' lang='lat' dir='ltr'>episcopo</span> <span class='ocrx_word' id='word_1_139' title='bbox 775 1424 799 1451; x_wconf 95' lang='lat' dir='ltr'>a</span> <span class='ocrx_word' id='word_1_140' title='bbox 840 1410 978 1451; x_wconf 86' lang='lat' dir='ltr'>fratre</span> <span class='ocrx_word' id='word_1_141' title='bbox 1017 1411 1234 1452; x_wconf 88' lang='lat' dir='ltr'>Johanne</span> <span class='ocrx_word' id='word_1_142' title='bbox 1276 1411 1401 1452; x_wconf 92' lang='lat' dir='ltr'>illius</span> <span class='ocrx_word' id='word_1_143' title='bbox 1442 1412 1619 1453; x_wconf 87' lang='lat' dir='ltr'>ordinis</span> <span class='ocrx_word' id='word_1_144' title='bbox 1658 1414 1770 1466; x_wconf 82' lang='lat' dir='ltr'>lege-</span> 
     </span>
     <span class='ocr_line' id='line_1_18' title="bbox 106 1483 1769 1540; baseline 0.001 -15"><span class='ocrx_word' id='word_1_145' title='bbox 106 1485 251 1525; x_wconf 87' lang='lat' dir='ltr'>batur.</span> <span class='ocrx_word' id='word_1_146' title='bbox 328 1485 439 1525; x_wconf 83' lang='lat' dir='ltr'>Acta</span> <span class='ocrx_word' id='word_1_147' title='bbox 487 1484 634 1537; x_wconf 89' lang='lat' dir='ltr'>prime</span> <span class='ocrx_word' id='word_1_148' title='bbox 681 1484 770 1524; x_wconf 91' lang='lat' dir='ltr'>diei</span> <span class='ocrx_word' id='word_1_149' title='bbox 819 1488 948 1524; x_wconf 91' lang='lat' dir='ltr'>erant</span> <span class='ocrx_word' id='word_1_150' title='bbox 993 1484 1097 1525; x_wconf 87' lang='lat' dir='ltr'>hec:</span> <span class='ocrx_word' id='word_1_151' title='bbox 1151 1484 1227 1524; x_wconf 90' lang='lat' dir='ltr'>»In</span> <span class='ocrx_word' id='word_1_152' title='bbox 1276 1484 1467 1525; x_wconf 88' lang='lat' dir='ltr'>nomine</span> <span class='ocrx_word' id='word_1_153' title='bbox 1514 1483 1682 1540; x_wconf 53' lang='lat' dir='ltr'>matris)</span> <span class='ocrx_word' id='word_1_154' title='bbox 1729 1490 1769 1527; x_wconf 91' lang='lat' dir='ltr'>et</span> 
     </span>
     <span class='ocr_line' id='line_1_19' title="bbox 106 1555 1769 1612; baseline 0.001 -14"><span class='ocrx_word' id='word_1_155' title='bbox 106 1555 225 1612; x_wconf 67' lang='lat' dir='ltr'>f(ilz‡j)</span> <span class='ocrx_word' id='word_1_156' title='bbox 272 1562 313 1598; x_wconf 87' lang='lat' dir='ltr'>et</span> <span class='ocrx_word' id='word_1_157' title='bbox 360 1555 571 1612; x_wconf 82' lang='lat' dir='ltr'>s(pi1·iius)</span> <span class='ocrx_word' id='word_1_158' title='bbox 618 1556 803 1610; x_wconf 75' lang='lat' dir='ltr'>s(anc1‘i).</span> <span class='ocrx_word' id='word_1_159' title='bbox 883 1557 977 1597; x_wconf 90' lang='lat' dir='ltr'>Nos</span> <span class='ocrx_word' id='word_1_160' title='bbox 1020 1557 1098 1608; x_wconf 89' lang='lat' dir='ltr'>.B.,</span> <span class='ocrx_word' id='word_1_161' title='bbox 1145 1557 1217 1597; x_wconf 88' lang='lat' dir='ltr'>dei</span> <span class='ocrx_word' id='word_1_162' title='bbox 1264 1557 1409 1609; x_wconf 84' lang='lat' dir='ltr'>gratia</span> <span class='ocrx_word' id='word_1_163' title='bbox 1457 1557 1769 1599; x_wconf 79' lang='lat' dir='ltr'>sleswicensis</span> 
     </span>
     <span class='ocr_line' id='line_1_20' title="bbox 107 1630 1767 1684; baseline 0.001 -14"><span class='ocrx_word' id='word_1_164' title='bbox 107 1630 363 1684; x_wconf 85' lang='lat' dir='ltr'>episcopus,</span> <span class='ocrx_word' id='word_1_165' title='bbox 397 1630 562 1671; x_wconf 90' lang='lat' dir='ltr'>unicus</span> <span class='ocrx_word' id='word_1_166' title='bbox 594 1630 733 1671; x_wconf 83' lang='lat' dir='ltr'>iudex</span> <span class='ocrx_word' id='word_1_167' title='bbox 764 1630 998 1683; x_wconf 83' lang='lat' dir='ltr'>delegatus</span> <span class='ocrx_word' id='word_1_168' title='bbox 1023 1631 1153 1682; x_wconf 77' lang='lat' dir='ltr'>&amp;c&#39;.«‚</span> <span class='ocrx_word' id='word_1_169' title='bbox 1188 1634 1237 1670; x_wconf 91' lang='lat' dir='ltr'>ut</span> <span class='ocrx_word' id='word_1_170' title='bbox 1267 1630 1313 1670; x_wconf 84' lang='lat' dir='ltr'>in</span> <span class='ocrx_word' id='word_1_171' title='bbox 1339 1630 1484 1684; x_wconf 83' lang='lat' dir='ltr'>primo</span> <span class='ocrx_word' id='word_1_172' title='bbox 1508 1631 1767 1672; x_wconf 88' lang='lat' dir='ltr'>auctentico</span> 
     </span>
     <span class='ocr_line' id='line_1_21' title="bbox 107 1703 1837 1744; baseline -0.001 0"><span class='ocrx_word' id='word_1_173' title='bbox 107 1703 378 1744; x_wconf 85' lang='lat' dir='ltr'>continetur.</span> <span class='ocrx_word' id='word_1_174' title='bbox 1794 1713 1837 1743; x_wconf 86' lang='lat'>20</span> 
     </span>
     <span class='ocr_line' id='line_1_22' title="bbox 109 1775 1770 1829; baseline 0.001 -13"><span class='ocrx_word' id='word_1_175' title='bbox 109 1776 112 1778; x_wconf 71' lang='grc'>’</span> <span class='ocrx_word' id='word_1_176' title='bbox 192 1775 444 1817; x_wconf 90' lang='lat' dir='ltr'>Secunda</span> <span class='ocrx_word' id='word_1_177' title='bbox 491 1776 646 1817; x_wconf 89' lang='lat' dir='ltr'>citatio</span> <span class='ocrx_word' id='word_1_178' title='bbox 694 1777 952 1817; x_wconf 87' lang='lat' dir='ltr'>secundum</span> <span class='ocrx_word' id='word_1_179' title='bbox 1001 1776 1211 1817; x_wconf 88' lang='lat' dir='ltr'>ordinem</span> <span class='ocrx_word' id='word_1_180' title='bbox 1259 1777 1373 1817; x_wconf 87' lang='lat' dir='ltr'>iuris</span> <span class='ocrx_word' id='word_1_181' title='bbox 1420 1789 1665 1829; x_wconf 82' lang='lat' dir='ltr'>emanans,</span> <span class='ocrx_word' id='word_1_182' title='bbox 1721 1783 1770 1818; x_wconf 88' lang='lat' dir='ltr'>ut</span> 
     </span>
     <span class='ocr_line' id='line_1_23' title="bbox 107 1849 1767 1903; baseline 0.001 -14"><span class='ocrx_word' id='word_1_183' title='bbox 107 1849 351 1900; x_wconf 83' lang='lat' dir='ltr'>credimus,</span> <span class='ocrx_word' id='word_1_184' title='bbox 384 1849 488 1890; x_wconf 91' lang='lat' dir='ltr'>talis</span> <span class='ocrx_word' id='word_1_185' title='bbox 521 1853 635 1890; x_wconf 88' lang='lat' dir='ltr'>erat:</span> <span class='ocrx_word' id='word_1_186' title='bbox 681 1850 786 1899; x_wconf 87' lang='lat' dir='ltr'>».B.,</span> <span class='ocrx_word' id='word_1_187' title='bbox 820 1850 893 1890; x_wconf 90' lang='lat' dir='ltr'>dei</span> <span class='ocrx_word' id='word_1_188' title='bbox 925 1850 1068 1902; x_wconf 81' lang='lat' dir='ltr'>gratia</span> <span class='ocrx_word' id='word_1_189' title='bbox 1103 1849 1417 1891; x_wconf 85' lang='lat' dir='ltr'>SlesWicensis</span> <span class='ocrx_word' id='word_1_190' title='bbox 1450 1849 1709 1903; x_wconf 83' lang='lat' dir='ltr'>episcopus,</span> <span class='ocrx_word' id='word_1_191' title='bbox 1742 1864 1767 1891; x_wconf 89' lang='lat' dir='ltr'>a</span> 
     </span>
     <span class='ocr_line' id='line_1_24' title="bbox 106 1922 1768 1975; baseline 0 -12"><span class='ocrx_word' id='word_1_192' title='bbox 106 1922 359 1963; x_wconf 89' lang='lat' dir='ltr'>uenerabili</span> <span class='ocrx_word' id='word_1_193' title='bbox 399 1926 526 1975; x_wconf 90' lang='lat' dir='ltr'>patre</span> <span class='ocrx_word' id='word_1_194' title='bbox 569 1922 760 1967; x_wconf 89' lang='lat' dir='ltr'>domino</span> <span class='ocrx_word' id='word_1_195' title='bbox 796 1922 873 1975; x_wconf 86' lang='lat' dir='ltr'>.G.,</span> <span class='ocrx_word' id='word_1_196' title='bbox 922 1922 1219 1964; x_wconf 90' lang='lat' dir='ltr'>miseratione</span> <span class='ocrx_word' id='word_1_197' title='bbox 1257 1922 1419 1963; x_wconf 89' lang='lat' dir='ltr'>diuina</span> <span class='ocrx_word' id='word_1_198' title='bbox 1458 1922 1579 1962; x_wconf 88' lang='lat' dir='ltr'>tituli</span> <span class='ocrx_word' id='word_1_199' title='bbox 1621 1923 1768 1964; x_wconf 89' lang='lat' dir='ltr'>sancti</span> 
     </span>
     <span class='ocr_line' id='line_1_25' title="bbox 107 1995 1767 2049; baseline 0.001 -14"><span class='ocrx_word' id='word_1_200' title='bbox 107 1995 346 2049; x_wconf 89' lang='lat' dir='ltr'>Laurencij</span> <span class='ocrx_word' id='word_1_201' title='bbox 403 1995 450 2035; x_wconf 90' lang='lat' dir='ltr'>in</span> <span class='ocrx_word' id='word_1_202' title='bbox 498 1995 675 2036; x_wconf 89' lang='lat' dir='ltr'>Lucina</span> <span class='ocrx_word' id='word_1_203' title='bbox 729 1995 983 2049; x_wconf 87' lang='lat' dir='ltr'>presbitero</span> <span class='ocrx_word' id='word_1_204' title='bbox 1038 1995 1284 2048; x_wconf 81' lang='lat' dir='ltr'>cardinali,</span> <span class='ocrx_word' id='word_1_205' title='bbox 1341 1995 1462 2036; x_wconf 86' lang='lat' dir='ltr'>sedis</span> <span class='ocrx_word' id='word_1_206' title='bbox 1515 1996 1767 2048; x_wconf 79' lang='lat' dir='ltr'>apostolice</span> 
     </span>
     <span class='ocr_line' id='line_1_26' title="bbox 105 2053 1835 2122; baseline 0.001 -15"><span class='ocrx_word' id='word_1_207' title='bbox 105 2067 265 2120; x_wconf 83' lang='lat' dir='ltr'>legato,</span> <span class='ocrx_word' id='word_1_208' title='bbox 312 2053 491 2122; x_wconf 72' lang='lat' dir='ltr'>(iudex)</span> <span class='ocrx_word' id='word_1_209' title='bbox 538 2067 787 2120; x_wconf 82' lang='lat' dir='ltr'>delegatus,</span> <span class='ocrx_word' id='word_1_210' title='bbox 836 2068 937 2109; x_wconf 88' lang='lat' dir='ltr'>uiro</span> <span class='ocrx_word' id='word_1_211' title='bbox 984 2068 1198 2120; x_wconf 84' lang='lat' dir='ltr'>religioso</span> <span class='ocrx_word' id='word_1_212' title='bbox 1245 2071 1287 2108; x_wconf 89' lang='lat' dir='ltr'>et</span> <span class='ocrx_word' id='word_1_213' title='bbox 1333 2067 1529 2108; x_wconf 87' lang='lat' dir='ltr'>discreto</span> <span class='ocrx_word' id='word_1_214' title='bbox 1574 2067 1765 2108; x_wconf 88' lang='lat' dir='ltr'>domino</span> <span class='ocrx_word' id='word_1_215' title='bbox 1793 2078 1835 2109; x_wconf 85' lang='lat'>25</span> 
     </span>
     <span class='ocr_line' id='line_1_27' title="bbox 105 2140 1766 2194; baseline 0 -13"><span class='ocrx_word' id='word_1_216' title='bbox 105 2141 323 2192; x_wconf 86' lang='lat' dir='ltr'>Johanni,</span> <span class='ocrx_word' id='word_1_217' title='bbox 348 2140 504 2181; x_wconf 88' lang='lat' dir='ltr'>abbati</span> <span class='ocrx_word' id='word_1_218' title='bbox 523 2140 633 2181; x_wconf 91' lang='lat' dir='ltr'>Loci</span> <span class='ocrx_word' id='word_1_219' title='bbox 653 2140 736 2181; x_wconf 91' lang='lat' dir='ltr'>Dei</span> <span class='ocrx_word' id='word_1_220' title='bbox 760 2140 936 2181; x_wconf 87' lang='lat' dir='ltr'>ordinis</span> <span class='ocrx_word' id='word_1_221' title='bbox 955 2140 1299 2194; x_wconf 82' lang='lat' dir='ltr'>Cysterciensis,</span> <span class='ocrx_word' id='word_1_222' title='bbox 1325 2140 1537 2192; x_wconf 86' lang='lat' dir='ltr'>Ripensis</span> <span class='ocrx_word' id='word_1_223' title='bbox 1556 2140 1766 2193; x_wconf 87' lang='lat' dir='ltr'>diocesis,</span> 
     </span>
     <span class='ocr_line' id='line_1_28' title="bbox 106 2212 1765 2263; baseline -0.001 -9"><span class='ocrx_word' id='word_1_224' title='bbox 106 2214 300 2254; x_wconf 89' lang='lat' dir='ltr'>salutem</span> <span class='ocrx_word' id='word_1_225' title='bbox 325 2213 371 2253; x_wconf 89' lang='lat' dir='ltr'>in</span> <span class='ocrx_word' id='word_1_226' title='bbox 392 2213 609 2254; x_wconf 91' lang='lat' dir='ltr'>Domino.</span> <span class='ocrx_word' id='word_1_227' title='bbox 658 2213 892 2263; x_wconf 85' lang='lat' dir='ltr'>Quoniam</span> <span class='ocrx_word' id='word_1_228' title='bbox 919 2213 1069 2254; x_wconf 92' lang='lat' dir='ltr'>dictus</span> <span class='ocrx_word' id='word_1_229' title='bbox 1098 2213 1317 2254; x_wconf 89' lang='lat' dir='ltr'>dominus</span> <span class='ocrx_word' id='word_1_230' title='bbox 1351 2212 1599 2254; x_wconf 89' lang='lat' dir='ltr'>cardinalis</span> <span class='ocrx_word' id='word_1_231' title='bbox 1632 2214 1765 2254; x_wconf 88' lang='lat' dir='ltr'>nobis</span> 
     </span>
     <span class='ocr_line' id='line_1_29' title="bbox 107 2286 1763 2339; baseline 0.001 -13"><span class='ocrx_word' id='word_1_232' title='bbox 107 2298 307 2335; x_wconf 89' lang='lat' dir='ltr'>causam,</span> <span class='ocrx_word' id='word_1_233' title='bbox 341 2299 429 2339; x_wconf 87' lang='lat' dir='ltr'>que</span> <span class='ocrx_word' id='word_1_234' title='bbox 456 2286 648 2326; x_wconf 88' lang='lat' dir='ltr'>uertitur</span> <span class='ocrx_word' id='word_1_235' title='bbox 671 2288 803 2338; x_wconf 79' lang='lat' dir='ltr'>&amp;c‘.«,</span> <span class='ocrx_word' id='word_1_236' title='bbox 836 2290 885 2326; x_wconf 93' lang='lat' dir='ltr'>ut</span> <span class='ocrx_word' id='word_1_237' title='bbox 908 2287 954 2326; x_wconf 93' lang='lat' dir='ltr'>in</span> <span class='ocrx_word' id='word_1_238' title='bbox 979 2286 1236 2327; x_wconf 88' lang='lat' dir='ltr'>auctentico</span> <span class='ocrx_word' id='word_1_239' title='bbox 1262 2287 1466 2327; x_wconf 88' lang='lat' dir='ltr'>secundo</span> <span class='ocrx_word' id='word_1_240' title='bbox 1491 2286 1763 2327; x_wconf 86' lang='lat' dir='ltr'>continetur.</span> 
     </span>
     <span class='ocr_line' id='line_1_30' title="bbox 108 2358 1762 2412; baseline -0.001 -13"><span class='ocrx_word' id='word_1_241' title='bbox 108 2358 247 2400; x_wconf 91' lang='lat' dir='ltr'>Cuius</span> <span class='ocrx_word' id='word_1_242' title='bbox 287 2358 377 2399; x_wconf 89' lang='lat' dir='ltr'>diei</span> <span class='ocrx_word' id='word_1_243' title='bbox 415 2360 441 2409; x_wconf 76' lang='lat'>†</span> <span class='ocrx_word' id='word_1_244' title='bbox 484 2359 741 2399; x_wconf 88' lang='lat' dir='ltr'>continuati</span> <span class='ocrx_word' id='word_1_245' title='bbox 781 2363 923 2411; x_wconf 83' lang='lat' dir='ltr'>erant,</span> <span class='ocrx_word' id='word_1_246' title='bbox 971 2372 1171 2412; x_wconf 88' lang='lat' dir='ltr'>quorum</span> <span class='ocrx_word' id='word_1_247' title='bbox 1210 2359 1362 2412; x_wconf 86' lang='lat' dir='ltr'>prima</span> <span class='ocrx_word' id='word_1_248' title='bbox 1400 2358 1503 2398; x_wconf 86' lang='lat' dir='ltr'>talis</span> <span class='ocrx_word' id='word_1_249' title='bbox 1549 2362 1633 2398; x_wconf 86' lang='lat' dir='ltr'>est:</span> <span class='ocrx_word' id='word_1_250' title='bbox 1687 2359 1762 2398; x_wconf 87' lang='lat' dir='ltr'>»In</span> 
     </span>
     <span class='ocr_line' id='line_1_31' title="bbox 106 2416 1833 2484; baseline 0.002 -15"><span class='ocrx_word' id='word_1_251' title='bbox 106 2430 293 2471; x_wconf 91' lang='lat' dir='ltr'>nomine</span> <span class='ocrx_word' id='word_1_252' title='bbox 335 2443 376 2484; x_wconf 91' lang='lat' dir='ltr'>p.</span> <span class='ocrx_word' id='word_1_253' title='bbox 411 2434 453 2471; x_wconf 89' lang='lat' dir='ltr'>et</span> <span class='ocrx_word' id='word_1_254' title='bbox 484 2430 511 2472; x_wconf 91' lang='lat' dir='ltr'>f.</span> <span class='ocrx_word' id='word_1_255' title='bbox 552 2435 593 2472; x_wconf 88' lang='lat' dir='ltr'>et</span> <span class='ocrx_word' id='word_1_256' title='bbox 632 2444 664 2471; x_wconf 88' lang='lat' dir='ltr'>s.</span> <span class='ocrx_word' id='word_1_257' title='bbox 699 2444 732 2471; x_wconf 92' lang='lat' dir='ltr'>s.</span> <span class='ocrx_word' id='word_1_258' title='bbox 805 2431 939 2471; x_wconf 89' lang='lat' dir='ltr'>Anno</span> <span class='ocrx_word' id='word_1_259' title='bbox 980 2431 1159 2471; x_wconf 89' lang='lat' dir='ltr'>domini</span> <span class='ocrx_word' id='word_1_260' title='bbox 1195 2416 1426 2479; x_wconf 59' lang='lat' dir='ltr'>i‘i.c⁰c.l}.vi³a.,</span> <span class='ocrx_word' id='word_1_261' title='bbox 1472 2430 1612 2470; x_wconf 87' lang='lat' dir='ltr'>tercia</span> <span class='ocrx_word' id='word_1_262' title='bbox 1652 2430 1764 2470; x_wconf 82' lang='lat' dir='ltr'>feria</span> <span class='ocrx_word' id='word_1_263' title='bbox 1792 2441 1833 2472; x_wconf 87' lang='lat'>30</span> 
     </span>
     <span class='ocr_line' id='line_1_32' title="bbox 106 2502 1764 2556; baseline 0 -14"><span class='ocrx_word' id='word_1_264' title='bbox 106 2502 315 2554; x_wconf 87' lang='lat' dir='ltr'>proxima</span> <span class='ocrx_word' id='word_1_265' title='bbox 340 2507 444 2556; x_wconf 90' lang='lat' dir='ltr'>post</span> <span class='ocrx_word' id='word_1_266' title='bbox 469 2503 752 2544; x_wconf 86' lang='lat' dir='ltr'>dominicam</span> <span class='ocrx_word' id='word_1_267' title='bbox 770 2503 972 2555; x_wconf 74' lang='lat' dir='ltr'>‘Letare³,</span> <span class='ocrx_word' id='word_1_268' title='bbox 998 2504 1046 2544; x_wconf 91' lang='lat' dir='ltr'>in</span> <span class='ocrx_word' id='word_1_269' title='bbox 1070 2503 1262 2544; x_wconf 87' lang='lat' dir='ltr'>ecclesia</span> <span class='ocrx_word' id='word_1_270' title='bbox 1280 2503 1401 2544; x_wconf 86' lang='lat' dir='ltr'>beati</span> <span class='ocrx_word' id='word_1_271' title='bbox 1421 2502 1540 2543; x_wconf 87' lang='lat' dir='ltr'>Petri</span> <span class='ocrx_word' id='word_1_272' title='bbox 1559 2502 1764 2551; x_wconf 80' lang='lat' dir='ltr'>Sleswik,</span> 
     </span>
     <span class='ocr_line' id='line_1_33' title="bbox 106 2574 1469 2629; baseline 0.001 -14"><span class='ocrx_word' id='word_1_273' title='bbox 106 2574 220 2616; x_wconf 90' lang='lat' dir='ltr'>hora</span> <span class='ocrx_word' id='word_1_274' title='bbox 250 2576 414 2629; x_wconf 87' lang='lat' dir='ltr'>prima,</span> <span class='ocrx_word' id='word_1_275' title='bbox 448 2576 715 2617; x_wconf 88' lang='lat' dir='ltr'>continuata</span> <span class='ocrx_word' id='word_1_276' title='bbox 748 2576 834 2617; x_wconf 87' lang='lat' dir='ltr'>fuit</span> <span class='ocrx_word' id='word_1_277' title='bbox 865 2590 890 2617; x_wconf 90' lang='lat' dir='ltr'>a</span> <span class='ocrx_word' id='word_1_278' title='bbox 922 2577 1058 2617; x_wconf 88' lang='lat' dir='ltr'>nobis</span> <span class='ocrx_word' id='word_1_279' title='bbox 1090 2576 1299 2629; x_wconf 89' lang='lat' dir='ltr'>partibus</span> <span class='ocrx_word' id='word_1_280' title='bbox 1333 2575 1469 2616; x_wconf 75' lang='lat' dir='ltr'>dies«</span> 
     </span>
    </p>
   </div>
   <div class='ocr_carea' id='block_1_3' title="bbox 113 2645 1764 2655">
    <p class='ocr_par' dir='ltr' id='par_1_4' title="bbox 113 2645 1764 2655">
     <span class='ocr_line' id='line_1_34' title="bbox 113 2645 1764 2655; baseline 0 0"><span class='ocrx_word' id='word_1_281' title='bbox 113 2645 1764 2655; x_wconf 95' lang='lat' dir='ltr'> </span> 
     </span>
    </p>
   </div>
   <div class='ocr_carea' id='block_1_4' title="bbox 106 2673 1764 3019">
    <p class='ocr_par' dir='ltr' id='par_1_5' title="bbox 106 2673 1764 3019">
     <span class='ocr_line' id='line_1_35' title="bbox 192 2673 1764 2721; baseline 0 -11"><span class='ocrx_word' id='word_1_282' title='bbox 192 2674 226 2710; x_wconf 89' lang='lat'>5.</span> <span class='ocrx_word' id='word_1_283' title='bbox 266 2675 379 2710; x_wconf 88' lang='lat' dir='ltr'>misit</span> <span class='ocrx_word' id='word_1_284' title='bbox 418 2678 738 2721; x_wconf 81' lang='lat' dir='ltr'>procuratorem</span> <span class='ocrx_word' id='word_1_285' title='bbox 778 2675 921 2711; x_wconf 73' lang='lat' dir='ltr'>addidi</span> <span class='ocrx_word' id='word_1_286' title='bbox 961 2674 1216 2721; x_wconf 77' lang='lat' dir='ltr'>(conferatur</span> <span class='ocrx_word' id='word_1_287' title='bbox 1246 2675 1355 2709; x_wconf 83' lang='lat' dir='ltr'>Iocus</span> <span class='ocrx_word' id='word_1_288' title='bbox 1383 2685 1423 2720; x_wconf 83' lang='grc' dir='ltr'>ρ.</span> <span class='ocrx_word' id='word_1_289' title='bbox 1456 2673 1551 2718; x_wconf 70' lang='grc'>247,</span> <span class='ocrx_word' id='word_1_290' title='bbox 1573 2673 1764 2720; x_wconf 61' lang='grc'>133011),</span> 
     </span>
     <span class='ocr_line' id='line_1_36' title="bbox 108 2730 1762 2779; baseline -0.001 -12"><span class='ocrx_word' id='word_1_291' title='bbox 108 2731 217 2767; x_wconf 83' lang='lat' dir='ltr'>misit</span> <span class='ocrx_word' id='word_1_292' title='bbox 258 2732 436 2778; x_wconf 71' lang='lat' dir='ltr'>intelleyi</span> <span class='ocrx_word' id='word_1_293' title='bbox 474 2732 559 2767; x_wconf 83' lang='lat' dir='ltr'>vult</span> <span class='ocrx_word' id='word_1_294' title='bbox 588 2731 816 2779; x_wconf 69' lang='lat' dir='ltr'>Lanyebelc.</span> <span class='ocrx_word' id='word_1_295' title='bbox 900 2733 933 2768; x_wconf 92' lang='lat'>7.</span> <span class='ocrx_word' id='word_1_296' title='bbox 982 2733 1125 2768; x_wconf 77' lang='lat' dir='ltr'>malim</span> <span class='ocrx_word' id='word_1_297' title='bbox 1174 2733 1327 2779; x_wconf 87' lang='lat' dir='ltr'>ipsum,</span> <span class='ocrx_word' id='word_1_298' title='bbox 1373 2730 1445 2776; x_wconf 78' lang='lat' dir='ltr'>cfr.</span> <span class='ocrx_word' id='word_1_299' title='bbox 1491 2742 1531 2777; x_wconf 79' lang='lat' dir='ltr'>p.</span> <span class='ocrx_word' id='word_1_300' title='bbox 1581 2731 1673 2777; x_wconf 76' lang='lat'>258,</span> <span class='ocrx_word' id='word_1_301' title='bbox 1702 2732 1762 2767; x_wconf 83' lang='lat'>19.</span> 
     </span>
     <span class='ocr_line' id='line_1_37' title="bbox 110 2788 1760 2841; baseline 0.001 -18"><span class='ocrx_word' id='word_1_302' title='bbox 110 2788 168 2824; x_wconf 87' lang='lat'>10.</span> <span class='ocrx_word' id='word_1_303' title='bbox 208 2789 412 2836; x_wconf 86' lang='lat' dir='ltr'>expeditis</span> <span class='ocrx_word' id='word_1_304' title='bbox 444 2789 602 2841; x_wconf 77' lang='lat' dir='ltr'>scripsi,</span> <span class='ocrx_word' id='word_1_305' title='bbox 634 2789 704 2835; x_wconf 76' lang='lat' dir='ltr'>cfr.</span> <span class='ocrx_word' id='word_1_306' title='bbox 736 2801 774 2836; x_wconf 83' lang='lat' dir='ltr'>p.</span> <span class='ocrx_word' id='word_1_307' title='bbox 807 2789 1095 2836; x_wconf 72' lang='lat' dir='ltr'>247‚17sqq.;</span> <span class='ocrx_word' id='word_1_308' title='bbox 1136 2792 1378 2836; x_wconf 80' lang='lat' dir='ltr'>expectatus</span> <span class='ocrx_word' id='word_1_309' title='bbox 1413 2788 1477 2833; x_wconf 60' lang='lat' dir='ltr'>CS,</span> <span class='ocrx_word' id='word_1_310' title='bbox 1509 2788 1596 2824; x_wconf 81' lang='lat' dir='ltr'>sine</span> <span class='ocrx_word' id='word_1_311' title='bbox 1626 2799 1760 2825; x_wconf 78' lang='lat' dir='ltr'>sensu.</span> 
     </span>
     <span class='ocr_line' id='line_1_38' title="bbox 108 2845 1762 2893; baseline 0.001 -12"><span class='ocrx_word' id='word_1_312' title='bbox 108 2845 169 2882; x_wconf 90' lang='lat'>13.</span> <span class='ocrx_word' id='word_1_313' title='bbox 209 2850 323 2883; x_wconf 90' lang='lat' dir='ltr'>verte</span> <span class='ocrx_word' id='word_1_314' title='bbox 362 2846 529 2882; x_wconf 88' lang='lat' dir='ltr'>folium:</span> <span class='ocrx_word' id='word_1_315' title='bbox 575 2847 836 2893; x_wconf 68' lang='lat' dir='ltr'>siqnisicaiizr</span> <span class='ocrx_word' id='word_1_316' title='bbox 871 2847 1001 2883; x_wconf 74' lang='lat' dir='ltr'>littera</span> <span class='ocrx_word' id='word_1_317' title='bbox 1037 2847 1245 2883; x_wconf 81' lang='lat' dir='ltr'>Bondonis</span> <span class='ocrx_word' id='word_1_318' title='bbox 1288 2846 1329 2882; x_wconf 83' lang='lat' dir='ltr'>in</span> <span class='ocrx_word' id='word_1_319' title='bbox 1371 2856 1458 2892; x_wconf 79' lang='lat' dir='ltr'>cap.</span> <span class='ocrx_word' id='word_1_320' title='bbox 1492 2845 1590 2881; x_wconf 83' lang='lat' dir='ltr'>XLI.</span> <span class='ocrx_word' id='word_1_321' title='bbox 1626 2847 1762 2892; x_wconf 51' lang='lat' dir='ltr'>allata,</span> 
     </span>
     <span class='ocr_line' id='line_1_39' title="bbox 112 2909 1761 2965; baseline 0.001 -15"><span class='ocrx_word' id='word_1_322' title='bbox 112 2914 168 2950; x_wconf 88' lang='lat'>19.</span> <span class='ocrx_word' id='word_1_323' title='bbox 200 2915 243 2950; x_wconf 92' lang='lat' dir='ltr'>in</span> <span class='ocrx_word' id='word_1_324' title='bbox 277 2916 414 2962; x_wconf 91' lang='lat' dir='ltr'>primo</span> <span class='ocrx_word' id='word_1_325' title='bbox 452 2914 481 2965; x_wconf 78' lang='lat' dir='ltr'>(i</span> <span class='ocrx_word' id='word_1_326' title='bbox 506 2909 619 2963; x_wconf 58' lang='lat' dir='ltr'>fimo)</span> <span class='ocrx_word' id='word_1_327' title='bbox 655 2916 810 2962; x_wconf 80' lang='lat' dir='ltr'>scripsi,</span> <span class='ocrx_word' id='word_1_328' title='bbox 850 2915 922 2961; x_wconf 77' lang='lat' dir='ltr'>cfr.</span> <span class='ocrx_word' id='word_1_329' title='bbox 959 2915 1128 2962; x_wconf 74' lang='lat' dir='ltr'>inseritis</span> <span class='ocrx_word' id='word_1_330' title='bbox 1161 2926 1193 2951; x_wconf 80' lang='grc' dir='ltr'>υ.</span> <span class='ocrx_word' id='word_1_331' title='bbox 1228 2915 1297 2963; x_wconf 68' lang='lat'>283</span> <span class='ocrx_word' id='word_1_332' title='bbox 1339 2914 1407 2961; x_wconf 73' lang='lat' dir='ltr'>ipo</span> <span class='ocrx_word' id='word_1_333' title='bbox 1441 2912 1504 2950; x_wconf 64' lang='lat' dir='ltr'>CS.</span> <span class='ocrx_word' id='word_1_334' title='bbox 1596 2918 1761 2951; x_wconf 76' lang='lat' dir='ltr'>aucten-</span> 
     </span>
     <span class='ocr_line' id='line_1_40' title="bbox 106 2971 1758 3019; baseline 0.001 -12"><span class='ocrx_word' id='word_1_335' title='bbox 106 2971 253 3017; x_wconf 85' lang='lat' dir='ltr'>ticum,</span> <span class='ocrx_word' id='word_1_336' title='bbox 301 2973 323 3008; x_wconf 81' lang='lat' dir='ltr'>i.</span> <span class='ocrx_word' id='word_1_337' title='bbox 369 2983 398 3010; x_wconf 86' lang='grc'>6.</span> <span class='ocrx_word' id='word_1_338' title='bbox 445 2973 649 3019; x_wconf 85' lang='lat' dir='ltr'>originale</span> <span class='ocrx_word' id='word_1_339' title='bbox 696 2984 836 3009; x_wconf 85' lang='lat' dir='ltr'>causae</span> <span class='ocrx_word' id='word_1_340' title='bbox 882 2974 1224 3009; x_wconf 83' lang='lat' dir='ltr'>instrumentum.</span> <span class='ocrx_word' id='word_1_341' title='bbox 1324 2973 1386 3007; x_wconf 84' lang='lat'>25.</span> <span class='ocrx_word' id='word_1_342' title='bbox 1434 2972 1560 3007; x_wconf 80' lang='lat' dir='ltr'>iudex</span> <span class='ocrx_word' id='word_1_343' title='bbox 1606 2972 1758 3008; x_wconf 78' lang='lat' dir='ltr'>addidi.</span> 
     </span>
    </p>
   </div>
   <div class='ocr_carea' id='block_1_5' title="bbox 107 3027 1761 3103">
    <p class='ocr_par' dir='ltr' id='par_1_6' title="bbox 107 3027 1761 3103">
     <span class='ocr_line' id='line_1_41' title="bbox 107 3027 1761 3103; baseline 0 -15"><span class='ocrx_word' id='word_1_344' title='bbox 107 3052 168 3088; x_wconf 86' lang='lat'>29.</span> <span class='ocrx_word' id='word_1_345' title='bbox 202 3053 401 3089; x_wconf 73' lang='lat' dir='ltr'>cotinuati</span> <span class='ocrx_word' id='word_1_346' title='bbox 425 3057 522 3090; x_wconf 71' lang='lat' dir='ltr'>erat.</span> <span class='ocrx_word' id='word_1_347' title='bbox 549 3027 593 3103; x_wconf 52' lang='lat'>⁰1}</span> <span class='ocrx_word' id='word_1_348' title='bbox 621 3045 715 3101; x_wconf 69' lang='lat' dir='ltr'>soma</span> <span class='ocrx_word' id='word_1_349' title='bbox 743 3055 806 3090; x_wconf 71' lang='grc'>131</span> <span class='ocrx_word' id='word_1_350' title='bbox 833 3058 862 3090; x_wconf 71' lang='lat' dir='ltr'>e.</span> <span class='ocrx_word' id='word_1_351' title='bbox 891 3052 956 3098; x_wconf 68' lang='lat' dir='ltr'>CS,</span> <span class='ocrx_word' id='word_1_352' title='bbox 988 3054 1101 3089; x_wconf 80' lang='lat' dir='ltr'>cuius</span> <span class='ocrx_word' id='word_1_353' title='bbox 1133 3053 1344 3098; x_wconf 64' lang='lat' dir='ltr'>scriptume</span> <span class='ocrx_word' id='word_1_354' title='bbox 1376 3053 1625 3097; x_wconf 69' lang='lat' dir='ltr'>corruptelas</span> <span class='ocrx_word' id='word_1_355' title='bbox 1656 3055 1761 3088; x_wconf 75' lang='lat' dir='ltr'>certo</span> 
     </span>
    </p>
   </div>
   <div class='ocr_carea' id='block_1_6' title="bbox 106 3110 1758 3216">
    <p class='ocr_par' dir='ltr' id='par_1_7' title="bbox 106 3110 1758 3216">
     <span class='ocr_line' id='line_1_42' title="bbox 106 3110 1758 3158; baseline 0 -14"><span class='ocrx_word' id='word_1_356' title='bbox 106 3110 304 3155; x_wconf 64' lang='lat' dir='ltr'>corrigere</span> <span class='ocrx_word' id='word_1_357' title='bbox 348 3121 432 3146; x_wconf 85' lang='grc' dir='ltr'>ηοη</span> <span class='ocrx_word' id='word_1_358' title='bbox 476 3122 667 3157; x_wconf 80' lang='lat' dir='ltr'>possum‚·</span> <span class='ocrx_word' id='word_1_359' title='bbox 721 3111 790 3146; x_wconf 81' lang='lat' dir='ltr'>sed</span> <span class='ocrx_word' id='word_1_360' title='bbox 842 3110 1028 3157; x_wconf 75' lang='lat' dir='ltr'>suspicor</span> <span class='ocrx_word' id='word_1_361' title='bbox 1079 3110 1220 3155; x_wconf 76' lang='lat' dir='ltr'>fuisse:</span> <span class='ocrx_word' id='word_1_362' title='bbox 1284 3110 1618 3145; x_wconf 74' lang='lat' dir='ltr'>continuationes</span> <span class='ocrx_word' id='word_1_363' title='bbox 1663 3110 1758 3158; x_wconf 82' lang='lat' dir='ltr'>(scil.</span> 
     </span>
     <span class='ocr_line' id='line_1_43' title="bbox 107 3167 1166 3216; baseline 0.001 -14"><span class='ocrx_word' id='word_1_364' title='bbox 107 3170 297 3203; x_wconf 84' lang='lat' dir='ltr'>actorum</span> <span class='ocrx_word' id='word_1_365' title='bbox 330 3169 465 3214; x_wconf 87' lang='lat' dir='ltr'>prime</span> <span class='ocrx_word' id='word_1_366' title='bbox 498 3167 596 3216; x_wconf 87' lang='lat' dir='ltr'>diei)</span> <span class='ocrx_word' id='word_1_367' title='bbox 627 3171 758 3213; x_wconf 86' lang='lat' dir='ltr'>erant,</span> <span class='ocrx_word' id='word_1_368' title='bbox 789 3179 970 3214; x_wconf 80' lang='lat' dir='ltr'>quarum</span> <span class='ocrx_word' id='word_1_369' title='bbox 1005 3179 1041 3214; x_wconf 90' lang='lat' dir='ltr'>p.</span> <span class='ocrx_word' id='word_1_370' title='bbox 1075 3172 1100 3204; x_wconf 88' lang='lat' dir='ltr'>t.</span> <span class='ocrx_word' id='word_1_371' title='bbox 1136 3178 1166 3203; x_wconf 86' lang='lat' dir='ltr'>e.</span> 
     </span>
    </p>
   </div>
   <div class='ocr_carea' id='block_1_7' title="bbox 174 3235 1551 3277">
    <p class='ocr_par' dir='ltr' id='par_1_8' title="bbox 174 3235 1551 3277">
     <span class='ocr_line' id='line_1_44' title="bbox 174 3235 1551 3277; baseline 0.004 -7"><span class='ocrx_word' id='word_1_372' title='bbox 174 3248 274 3277; x_wconf 79' lang='lat' dir='ltr'>Script.</span> <span class='ocrx_word' id='word_1_373' title='bbox 296 3247 362 3271; x_wconf 83' lang='lat' dir='ltr'>hist.</span> <span class='ocrx_word' id='word_1_374' title='bbox 384 3249 444 3272; x_wconf 82' lang='lat' dir='ltr'>Dan</span> <span class='ocrx_word' id='word_1_375' title='bbox 479 3248 613 3272; x_wconf 83' lang='lat' dir='ltr'>minores.</span> <span class='ocrx_word' id='word_1_376' title='bbox 1511 3235 1551 3266; x_wconf 74' lang='lat'>17</span> 
     </span>
    </p>
   </div>
  </div>
 </body>
</html>
