2242 3551
442 224 677 253 EXORDIVM
711 223 989 254 MONASTERH
1022 224 1150 253 CARAE
1182 223 1355 253 INSVLAE
1645 217 1727 257 223

79 339 351 393 monasterij,
400 352 491 379 non
524 342 863 389 contumacem,
897 351 990 379 non
1024 339 1304 391 confessum,
1337 353 1431 381 non
1463 342 1730 382 conuictum

78 426 209 468 super
253 412 409 466 aliquo
456 411 668 463 crimine,
716 411 1175 464 excommunicastis,
1229 413 1308 453 sed
1355 413 1444 453 hac
1489 414 1545 454 de
1592 426 1729 455 causa

79 488 238 539 solum,
270 486 394 539 quod
426 484 641 525 abbatem
675 484 934 525 secundum
967 484 1142 525 ordinis
1176 485 1321 526 nostri
1347 487 1730 528 consuetudinem

78 560 122 601 in
159 558 316 600 litteris
354 557 469 599 meis
515 571 588 599 me
635 556 832 611 appello,
880 569 965 598 nec
1010 570 1105 598 non
1154 562 1195 598 et
1242 563 1525 599 conuentum
1574 573 1731 601 meum

78 632 211 674 simili
243 631 474 672 sentencia
506 629 781 682 innodastis,
815 629 924 684 quia
956 643 1030 671 me
1062 630 1277 671 abbatem
1313 644 1450 671 suum
1475 634 1732 674 secundum

77 705 242 746 dictam
267 704 442 745 ordinis
474 703 858 745 consuetudinem
895 702 994 756 [me]
1028 703 1275 757 appellant,
1308 704 1614 747 diminuendo
1636 705 1733 747 siue

77 779 121 819 in
159 781 305 819 totum
343 777 638 818 absorbendo
680 790 761 818 seu
808 776 1060 817 auferendo
1103 776 1239 817 nobis
1278 776 1510 818 libertates
1552 782 1734 820 nostras

77 852 147 893 uel
172 850 444 892 emunitates
470 854 667 903 nostras,
700 863 781 904 per
812 849 1051 903 priuilegia
1086 849 1208 890 sedis
1240 850 1492 903 apostolice
1525 851 1660 892 nobis
1693 857 1734 893 et

75 924 154 966 toti
185 923 334 965 ordini
361 923 665 977 Cysterciensi
696 923 902 964 indultas
935 927 975 963 et
1008 922 1211 975 legitimo
1243 927 1451 977 tempore
1478 924 1576 965 sine
1600 924 1733 966 inter-

76 997 284 1051 ruptione
322 997 615 1050 prescriptas,
659 997 707 1037 in
748 1001 960 1038 nostrum
1002 995 1309 1049 preiudicium
1352 1009 1445 1037 non
1495 997 1730 1038 modicum

77 1076 116 1112 et
146 1082 394 1124 grauamen
428 1086 498 1111 -—:
549 1070 624 1111 Ex
666 1070 776 1111 hiis
814 1069 989 1122 igitur
1027 1069 1465 1122 grauaminibus
1498 1075 1729 1111 eteorum

76 1143 277 1198 quolibet
330 1147 372 1184 et
418 1156 558 1198 quam
615 1142 826 1197 pluribus
874 1142 976 1196 alijs
1023 1155 1048 1183 a
1095 1142 1252 1194 uobis,
1307 1143 1559 1183 reuerende
1607 1147 1731 1197 patei·

76 1217 257 1257 domine
290 1217 438 1270 Tuko,
481 1216 745 1258 Arusiensis
786 1215 1015 1270 episcope,
1063 1215 1199 1256 nobis
1239 1216 1548 1269 comminatis,
1596 1216 1733 1257 illatis

76 1294 116 1331 et
154 1289 416 1343 inferendis,
465 1303 547 1331 nec
593 1303 686 1331 non
730 1294 772 1330 et
813 1288 1059 1342 sentencijS
1101 1289 1259 1329 uestris
1302 1289 1375 1330 uel
1420 1290 1653 1330 sentencia
1686 1290 1731 1330 in

76 1376 146 1404 me
191 1363 263 1404 uel
309 1367 593 1404 conuentum
641 1376 797 1404 meum
847 1367 887 1403 et
934 1362 1107 1403 dictam
1154 1361 1379 1403 familiam
1430 1375 1581 1403 meam
1631 1366 1733 1416 post
1783 1393 1789 1401 .

76 1436 435 1490 appellacionem
458 1437 516 1477 ad
541 1437 696 1477 sedem
721 1435 1041 1489 apostolicam,
1065 1449 1091 1476 a
1113 1448 1186 1475 me
1209 1436 1410 1488 legitime
1433 1436 1734 1488 interiectam,

76 1508 174 1549 latis
221 1509 292 1550 uel
339 1509 429 1550 lata
477 1510 551 1550 uel
597 1509 644 1550 in
692 1508 900 1550 futurum
948 1508 1149 1550 ferendis
1197 1509 1269 1549 uel
1317 1508 1526 1561 serenda,
1575 1509 1733 1550 iterato

77 1581 228 1622 sedem
267 1583 569 1636 apostolicam
612 1582 801 1623 nomine
842 1595 946 1623 meo
989 1586 1031 1623 et
1063 1582 1330 1635 monasterij
1373 1582 1464 1623 mei
1504 1586 1544 1622 et
1584 1582 1733 1623 tocius

77 1658 327 1696 conuentus
360 1660 402 1696 et
435 1656 651 1697 uniuerse
684 1655 856 1696 familie
890 1668 1004 1708 mee,
1052 1660 1095 1696 et
1127 1655 1315 1696 nomine
1349 1656 1562 1696 omnium
1596 1656 1734 1697 eccle-

77 1727 245 1774 siarum
279 1728 421 1769 michi
454 1728 761 1781 subditarum,
798 1728 844 1769 in
879 1728 1061 1782 scriptis
1094 1729 1292 1782 appello,
1326 1729 1444 1770 dicte
1478 1729 1599 1770 sedis
1633 1742 1734 1783 pro-

76 1801 257 1841 tectioni
295 1815 367 1843 me
408 1806 450 1843 et
490 1802 825 1843 monasterium
873 1815 1030 1842 meum
1081 1805 1123 1842 et
1162 1806 1446 1851 conuentum
1490 1815 1646 1843 meum
1697 1806 1737 1842 et

77 1872 295 1914 familiam
339 1879 482 1916 totam
524 1878 566 1916 et
605 1875 833 1929 predictas
878 1875 1097 1916 ecclesias
1144 1879 1187 1915 et
1233 1875 1389 1916 onmia
1438 1876 1561 1916 bona
1600 1875 1735 1916 nobis

77 1945 341 1998 attinencia,
389 1948 579 1989 mobilia
629 1948 726 1989 siue
774 1948 1057 2000 immobilia,
1106 1949 1428 2002 subponendo.
1518 1949 1554 1989 A
1602 1948 1737 1989 uobis

79 2018 212 2059 etiam
251 2022 486 2074 apostolos
527 2034 633 2062 cum
674 2021 903 2062 instancia
944 2025 1071 2074 peto3
1120 2034 1236 2074 quos
1270 2022 1307 2062 si
1340 2021 1631 2074 negaueritis,
1680 2022 1738 2062 ab

80 2091 165 2132 hoc
209 2094 477 2144 grauamine
523 2107 684 2135 rursus
731 2094 886 2134 sedem
935 2093 1239 2147 apostolicam
1288 2094 1484 2148 appello.
1568 2094 1735 2146 Obligo

79 2168 227 2206 autem
261 2180 334 2208 me
367 2180 461 2207 non
494 2168 552 2208 ad
579 2167 875 2221 probandum
901 2167 1058 2207 omnia
1087 2167 1327 2220 premissa,
1361 2168 1438 2207 sed
1464 2180 1514 2208 ea
1540 2171 1736 2215 tantum,

80 2249 165 2290 que
196 2239 252 2279 ad
284 2239 605 2281 fundationem
640 2239 919 2280 intencionis
951 2253 1049 2281 mee
1081 2239 1293 2281 sufficere
1326 2240 1649 2281 uidebuntur.«

164 2311 302 2363 Igitur
348 2326 453 2354 cum
503 2313 739 2367 apostolos
780 2312 1004 2354 instanter
1043 2313 1231 2366 petisset
1276 2318 1318 2354 et
1358 2313 1623 2354 nullatenus
1662 2326 1738 2367 op-

79 2383 218 2425 tinere
240 2391 394 2438 posset
415 2386 461 2427 in
486 2391 811 2438 argumentum
836 2385 1056 2438 ueritatis,
1085 2390 1342 2440 presentem
1368 2386 1734 2439 appellacionem

81 2456 163 2496 sub
202 2459 389 2500 nomine
429 2459 728 2500 dominorum
770 2458 1062 2512 presencium
1111 2463 1153 2500 et
1200 2458 1348 2511 sigillo
1393 2459 1647 2500 eorundem
1685 2472 1738 2500 ac

81 2533 232 2571 nostro
264 2532 606 2583 roborauimus,
638 2531 850 2572 videlicet
882 2532 1059 2572 domini
1086 2532 1151 2573 .N.
1176 2531 1489 2584 Wibergensis
1517 2531 1735 2585 episcopi,

81 2600 264 2644 illustris
308 2604 426 2656 regis
459 2604 698 2645 Danorum
733 2605 1010 2659 cancellarij.
1075 2604 1230 2657 Magni
1265 2605 1432 2645 Barthe
1466 2617 1566 2645 sun.
1615 2604 1736 2644 Petri

82 2673 254 2717 Gunnis
287 2690 386 2718 sun.
434 2677 664 2718 Johannis
694 2677 882 2718 Kannae.
940 2678 1118 2718 Nicolai
1154 2677 1298 2718 Bicar.
1343 2676 1575 2717 Johannis
1603 2677 1734 2730 Kyyt.

84 2745 245 2788 Kanuti
273 2750 433 2791 Kabbi.
478 2749 728 2791 Cristiaerni
755 2750 973 2791 Benedict
1006 2764 1106 2791 sun.
1156 2751 1270 2792 Loki
1296 2749 1557 2790 Arusiensis
1591 2749 1736 2790 archi-

164 2893 199 2928 6.
240 2905 305 2930 me
333 2905 465 2941 praue
497 2895 684 2931 iteratum
717 2896 857 2932 delent.
935 2896 969 2931 8.
1003 2896 1265 2939 emunitates,
1313 2896 1335 2930 i.
1368 2905 1398 2930 e.
1433 2895 1732 2930 immunitates.

86 2948 141 2984 14.
161 2951 311 2987 uestris
330 2953 445 2997 (uris)
462 2952 623 2998 scripsi3
657 2953 742 2989 nfis
761 2951 825 2989 CS.
881 2954 944 2989 24.
964 2952 1145 3000 apostoli
1166 2955 1365 2988 vocantm·
1381 2952 1421 2987 i11
1443 2951 1529 2987 iure
1547 2950 1735 2988 Romano

84 3005 134 3047 (et
162 3009 375 3055 canonico)
409 3010 548 3046 litterae
579 3010 835 3051 dimissorioe,
869 3021 958 3056 (111ae
988 3012 1080 3056 post
1113 3009 1427 3056 appellationem
1456 3008 1734 3055 interpositam

83 3061 224 3100 dandae
263 3069 359 3103 sunt
394 3067 445 3103 ab
485 3078 540 3112 eo,
589 3079 612 3103 α
654 3078 733 3114 qno
775 3067 1025 3114 appellatum
1059 3069 1126 3111 est,
1176 3067 1229 3102 act
1261 3077 1365 3109 eum,
1413 3066 1486 3112 qni
1523 3067 1571 3101 de
1602 3065 1736 3112 appel-

84 3118 227 3158 latione
257 3124 494 3169 coquum-us
523 3127 598 3167 est‚·
644 3126 720 3162 vicl.
757 3125 875 3170 Diyq.
912 3124 974 3169 49,
1009 3126 1061 3160 tit.
1097 3125 1120 3159 6
1151 3127 1186 3160 et
1218 3125 1469 3170 Ducanyius,
1548 3123 1611 3159 27.
1646 3133 1736 3158 mee

86 3174 309 3224 Lanqebelc3
344 3192 407 3217 me
440 3179 503 3218 CS.
567 3182 629 3219 29.
661 3182 754 3228 fort.
788 3182 924 3228 potius
956 3184 1050 3217 ante
1083 3182 1121 3216 in
1159 3181 1545 3227 interpunqendum.
1597 3178 1601 3182 ’

1761 1008 1801 1037 10

1762 1737 1803 1768 20

1762 2146 1765 2149 ’
1762 2102 1782 2132 10

1786 2103 1805 2131 01

1764 2468 1806 2498 30
