2242 3551
386 1003 427 1033 10

389 1365 428 1395 15

391 1729 432 1758 20

453 217 505 255 24
792 226 1067 255 SCRIPTORES
1100 226 1325 254 HISTORIAE
1357 226 1532 254 DANICAE
1564 226 1762 253 MINORES

451 341 637 390 nescire,
686 340 788 393 quis
835 339 891 379 sit
929 339 1302 392 archiepiscopus
1340 339 1385 379 in
1421 339 1658 390 Norwegia
1699 343 1776 378 aut
1809 345 1968 393 potens
2008 341 2093 380 nisi

451 413 575 453 solus
625 413 864 453 Haraldus.
949 413 1003 452 Et
1050 411 1247 464 plurima
1293 412 1381 452 alia
1429 412 1549 451 mala
1599 411 1701 451 fecit
1748 416 1789 452 et
1836 413 1960 458 dixit.
2008 426 2093 465 que

452 485 661 538 superbie
687 484 784 525 eius
809 484 1067 538 proximam
1084 484 1383 524 intendebant
1400 483 1621 524 ruinam.«
1659 484 1773 524 Nam
1802 498 1966 537 parum
1995 489 2097 537 post

452 561 666 610 exceptus
698 558 755 598 ab
788 557 958 608 Anglis‚
991 569 1095 596 cum
1130 569 1266 609 super
1298 569 1375 596 eos
1408 556 1601 609 prelium
1636 555 1885 607 induceret,
1924 556 2094 596 ibidem

452 643 558 670 cum
591 630 808 671 omnibus
841 629 935 669 suis
968 628 1191 668 extinctus
1225 632 1301 669 est.

540 702 813 743 MLXXIIII.
877 700 1001 753 Obijt
1042 701 1187 753 Swen,
1234 701 1305 740 cui
1347 700 1564 741 successit
1606 701 1791 752 Harald,
1839 701 1959 740 filius
2001 701 2097 741 eius

453 776 643 828 primus.
1115 774 1123 777 Α
1205 788 1207 790 ·

541 847 763 887 MLXXX.
827 846 954 899 Obijt
988 846 1231 897 Halaldus,
1263 846 1336 886 cui
1370 845 1587 886 successit
1621 847 1842 885 Kanutus.

540 920 677 960 MXC.
760 920 851 959 Rex
899 919 1106 959 Kanutus
1155 918 1472 969 martyrizatus
1519 922 1584 958 est
1632 918 1675 957 in
1724 918 1977 967 Othinsho3
2026 919 2098 958 cui

454 992 671 1033 successit
705 992 811 1032 Olef
838 991 974 1031 frater
1007 991 1117 1041 eius,
1150 989 1421 1041 cognomine
1455 991 1631 1030 Fames.

546 1064 745 1105 MXCVl.
809 1063 933 1116 Obijt
975 1064 1084 1105 Olaf
1114 1064 1288 1103 Fames.
1355 1062 1437 1102 Cui
1479 1063 1697 1103 successit
1730 1062 1890 1103 Ericus
1926 1064 2099 1109 Bonus3

454 1138 479 1188 †
513 1137 716 1189 sepultus
749 1140 815 1176 est
845 1139 997 1176 autem
1031 1135 1078 1175 in
1113 1136 1265 1175 Rodos
1297 1136 1446 1175 insula
1480 1135 1582 1174 exul
1615 1139 1655 1175 et
1689 1135 1966 1187 peregrinus,

545 1208 789 1249 MXCVIII.
854 1208 1104 1248 Exordium
1150 1207 1454 1249 Cistertiensis
1500 1207 1687 1258 ordinis,
1734 1206 1779 1246 id
1822 1210 1908 1247 est:
1958 1206 2099 1247 Grisei

456 1281 670 1322 monachi
704 1284 814 1321 tunc
845 1280 1111 1333 inceperunt
1146 1280 1344 1333 primum
1379 1279 1630 1319 manifeste.

546 1352 748 1394 MXCIX.
812 1353 951 1406 Capta
986 1356 1051 1392 est
1084 1352 1368 1392 Hierusalem
1402 1365 1425 1391 a
1459 1351 1752 1400 christicolis;
1786 1355 1827 1391 et
1859 1351 2005 1390 factus
2038 1355 2102 1391 est

458 1439 710 1467 concursus
743 1424 1087 1478 peregrinorum
1121 1425 1239 1464 illuc.

546 1498 664 1539 MCI.
728 1497 854 1550 Obijt
896 1509 951 1537 Vl.
994 1497 1101 1537 Idus
1143 1496 1241 1550 Iulij
1287 1497 1447 1536 Ericus
1493 1509 1584 1547 reX,
1632 1496 1709 1550 qui
1750 1495 2102 1548 cognominatus

458 1574 524 1610 est
557 1570 744 1622 Egothe‚
778 1582 883 1610 cum
918 1569 1096 1609 Botilda
1129 1569 1296 1620 regina,
1330 1581 1470 1609 uxore
1503 1581 1583 1608 sua
1619 1568 1830 1620 legitima,
1865 1568 1911 1607 in
1944 1568 2103 1607 itinere

462 1641 893 1694 Hierosolymitano‚
925 1641 971 1681 in
1006 1641 1156 1694 Cypro
1188 1641 1350 1681 insula.
1408 1641 1471 1681 De
1504 1641 1602 1693 ipso
1636 1641 1695 1680 ita
1728 1641 1932 1691 refertur,
1965 1640 2103 1693 quod,

464 1727 594 1755 »cum
643 1715 836 1754 Romam
884 1713 1185 1766 peruenisset,
1233 1713 1376 1765 patrie
1424 1726 1504 1753 sue
1544 1714 1789 1753 consulens
1836 1712 2031 1753 libertati
2078 1725 2103 1751 a

460 1786 650 1827 domino
683 1798 802 1839 papa
834 1785 1024 1838 pallium
1061 1785 1333 1838 impetrauit.
1397 1785 1500 1835 Quo
1532 1796 1670 1836 regno
1704 1799 1787 1826 suo
1820 1784 2104 1834 transmisso,

460 1859 637 1911 incepte
679 1857 1056 1911 peregrinationis
1102 1870 1182 1897 sue
1228 1857 1311 1897 iter
1350 1868 1561 1909 peragere
1602 1858 1844 1909 satagebat.
1920 1856 2101 1896 Interim

460 1930 729 1970 imminente
767 1929 963 1970 termino
995 1929 1107 1969 tanti
1140 1929 1224 1969 viri
1256 1929 1423 1970 laboris
1456 1934 1691 1983 correptus
1724 1930 1847 1970 febre
1880 1929 2001 1969 diem
2035 1928 2105 1968 sui

553 2113 584 2147 1.
617 2114 688 2147 aut
719 2111 854 2147 Arnas
884 2109 950 2159 (ex
980 2108 1158 2158 Adam.);
1203 2112 1251 2146 At
1283 2111 1354 2147 CH
1399 2112 1480 2155 (sed
1520 2111 1561 2147 in
1596 2112 1629 2147 H
1662 2113 1710 2147 At
1749 2122 1798 2146 ex
1829 2111 1886 2146 Ad
1928 2111 1986 2146 vel
2028 2111 2106 2145 Aut

463 2171 683 2205 correctum
716 2170 789 2213 θεῖς
822 2169 869 2203 At
901 2168 955 2211 S).
1036 2168 1115 2203 nisi
1147 2178 1223 2203 om.
1258 2169 1303 2204 H.
1366 2169 1400 2205 3.
1434 2168 1696 2204 intentabant
1726 2167 1878 2204 Adnmi
1907 2167 2031 2203 codex
2061 2166 2104 2202 A.

467 2228 500 2262 4.
533 2237 662 2272 super
692 2236 764 2261 eos
797 2225 853 2268 M;
897 2225 1089 2260 similiter
1120 2236 1168 2260 eo
1204 2225 1237 2260 H
1269 2226 1389 2269 (male
1419 2226 1548 2261 soluto
1579 2226 1818 2271 compendio
1853 2228 1908 2270 ff).
1978 2225 2012 2259 5.
2047 2227 2107 2259 est

465 2294 541 2318 om.
577 2283 623 2318 H.
685 2283 719 2318 6.
753 2282 797 2317 O.
831 2282 967 2318 Svend
999 2285 1038 2317 et
1070 2293 1101 2317 ε.
1138 2282 1347 2317 Haraldus
1381 2283 1426 2318 H.
1489 2284 1524 2319 8.
1560 2283 1738 2318 Moritur
1772 2283 1816 2318 H.
1850 2285 1889 2318 et
1921 2280 2107 2317 succedit

466 2341 561 2376 Can.
581 2340 614 2374 H
647 2339 689 2383 (S
722 2339 831 2374 hune
862 2349 1020 2375 versum
1046 2338 1205 2383 omisit).
1268 2340 1301 2375 9.
1336 2342 1396 2374 est
1419 2349 1498 2375 om.
1524 2340 1570 2375 H.
1633 2340 1782 2376 9—10.
1814 2341 1881 2375 cui
1905 2338 2107 2374 successit

466 2397 525 2441 M;
573 2397 606 2432 H
649 2407 739 2432 vero
781 2396 823 2431 in
864 2407 972 2431 nouo
1015 2406 1127 2431 versu
1167 2395 1304 2431 habet:
1351 2397 1468 2431 Anno
1508 2397 1666 2432 domini
1707 2407 1905 2433 M.Lxxxxl
1945 2396 2106 2431 Canuto

465 2454 668 2490 successit
700 2453 827 2488 frater
858 2453 948 2488 eius
981 2452 1083 2496 mes,
1115 2462 1231 2498 cogn.
1267 2453 1423 2488 Fames.
1488 2454 1549 2489 11.
1582 2454 1648 2488 cui
1681 2454 1739 2498 M3
1770 2457 1809 2489 et
1843 2454 1888 2488 H.
1953 2453 2014 2488 12.
2047 2455 2108 2487 est

466 2514 602 2546 autem
635 2521 711 2546 om.
747 2510 793 2545 H.
868 2510 921 2545 ad
953 2510 993 2544 in
1027 2509 1167 2545 Rodos
1201 2510 1240 2544 in
1276 2510 1463 2555 maryine
1499 2511 1532 2545 H
1566 2513 1704 2555 postea
1736 2510 1874 2546 addita
1907 2512 1964 2545 est
1992 2511 2106 2544 nota:

467 2567 555 2614 alij:
587 2568 628 2602 in
661 2567 810 2613 Cypro.
860 2567 1028 2611 (Auctor
1057 2566 1202 2601 scilicet
1233 2567 1395 2611 errauit,
1429 2567 1475 2602 de
1506 2567 1624 2603 Erico
1652 2567 1766 2603 Bono
1798 2577 1987 2610 narrans,
2020 2576 2108 2611 quoe

467 2624 520 2660 ad
557 2624 781 2659 Svenonem
816 2623 1009 2659 Noricum
1050 2624 1280 2669 episcopum
1319 2623 1534 2669 pertinent,
1578 2625 1657 2659 nisi
1694 2623 1797 2669 forte
1831 2626 1927 2674 post
1966 2623 2107 2658 Bonus

467 2681 701 2716 exciderunt
723 2681 861 2727 aliqua
887 2680 941 2716 ad
964 2679 1073 2716 hunc
1087 2679 1315 2715 Suenonem
1336 2681 1610 2726 pertinentia).
1680 2682 1738 2716 13,
1764 2680 2048 2717 Cistersiensis
2072 2678 2105 2713 H

465 2748 625 2784 semper
653 2740 725 2773 ant
750 2738 1000 2784 plerumque.
1077 2737 1117 2771 id
1150 2740 1212 2772 est
1238 2737 1296 2781 Μ;
1328 2737 1450 2772 etiam
1480 2738 1526 2772 H.
1601 2738 1730 2782 Grisei
1755 2738 1801 2773 H.
1866 2738 1927 2772 14.
1959 2739 2045 2771 tum
2065 2735 2105 2771 S.

467 2794 685 2830 manifeste
716 2805 793 2830 om.
827 2795 873 2831 H.
938 2795 999 2830 15.
1033 2794 1258 2830 Ierusalem
1293 2794 1339 2829 H.
1406 2795 1578 2830 15-16,
1613 2798 1651 2830 θῖ
1684 2794 1838 2829 sanctis
1870 2797 1909 2829 et
1941 2793 2002 2836 (St
2035 2795 2109 2836 est)

466 2862 692 2888 concessus
731 2851 764 2886 H
811 2851 904 2895 (scil.
948 2851 1042 2897 Ieyit
1081 2850 1153 2887 Γᾶε
1188 2861 1265 2896 pro
1313 2850 1386 2893 fes,
1432 2853 1468 2886 et
1512 2851 1617 2886 male
1664 2850 1857 2887 intellexit
1902 2840 2106 2892 conqcsus).

471 2909 532 2947 18.
566 2912 628 2944 est
666 2919 743 2944 om.
783 2909 829 2943 H.
916 2919 1011 2944 cum
1045 2909 1106 2953 M}
1152 2910 1191 2943 et
1223 2907 1268 2942 H.
1348 2908 1408 2943 19.
1443 2908 1830 2954 Hierusolymitano
1863 2907 1912 2951 S3
1961 2906 2108 2942 Hieru-

467 2965 720 3001 solomitano
746 2965 791 3000 H.
853 2966 1031 3009 20——25‚
1050 2966 1072 3000 9
1095 2965 1286 3013 (Romam
1307 2994 1312 2999 .
1333 2994 1338 2999 .
1357 2965 1566 3010 apparuit)
1589 2967 1751 3010 sumpta
1778 2965 1873 2999 sunt
1895 2974 1943 2998 ex
1966 2962 2108 3008 Officio

464 3022 668 3068 passionis
694 3021 824 3057 sancti
844 3022 992 3058 Canuti
1013 3022 1138 3066 ducis,
1168 3022 1248 3056 lect.
1265 3021 1305 3066 I.‚
1340 3021 1550 3056 nonnullis
1576 3021 1752 3065 mutatis,
1786 3021 1833 3055 de
1857 3019 2001 3065 quibus
2030 3019 2105 3054 vid.

474 3079 540 3115 Vit.
571 3079 703 3115 Sanct.
738 3080 949 3115 Danorum
979 3091 1017 3125 p.
1053 3079 1142 3114 190.
1204 3079 1266 3114 22.
1300 3089 1387 3114 suae
1420 3078 1768 3123 peregrinationis
1804 3078 1835 3111 H
