2242 3551
462 1088 503 1119 10

352 2504 509 2539 F01.31¹‘.

466 2581 508 2612 30

528 203 611 242 214
872 214 1148 244 sempronns
1182 215 1411 245 HISTORIAE
1444 215 1621 245 DANICAE
1653 215 1854 244 MINORES

528 327 759 380 omnibus,
794 328 1127 369 monasterium
1150 328 1305 382 ipsum
1328 343 1353 370 a
1377 330 1632 371 uenerabili
1656 329 1790 370 fratre
1814 333 1971 370 nostro
1995 330 2184 372 domino

530 400 705 441 Eskillo
744 401 1066 454 predecessore
1104 405 1262 443 nostro
1299 401 1561 455 fundatum,
1602 407 1644 444 et
1683 415 1709 442 a
1749 402 1941 443 domino
1974 403 2185 444 Suenone

528 485 792 514 successore
825 486 909 514 suo
942 474 1151 515 dotatum
1185 478 1227 515 et
1258 475 1470 528 ditatum,
1503 476 1582 530 qui
1614 475 1791 516 ratione
1823 475 2184 528 possessionum,

528 559 643 600 quas
691 545 755 586 eis
803 547 996 600 Dyursae
1043 547 1256 600 contulit,
1314 548 1542 601 predictas
1597 547 1944 602 procurationes
2000 547 2087 588 sibi
2145 552 2186 589 et

528 618 873 659 successoribus
922 619 1015 660 suis
1061 620 1266 671 retinuit,
1323 620 1369 661 in
1423 634 1619 675 quarum
1669 620 1961 674 possessione
2008 621 2187 662 fuerant
2241 626 2242 674 j

528 695 717 732 actenus
755 691 950 745 pacifica
989 695 1031 734 et
1072 693 1238 747 quieta.
1303 693 1387 735 Sed
1433 693 1471 734 si
1510 693 1746 734 maliciose
1786 692 1920 733 nohis
1958 693 2185 746 predictas

528 765 878 818 procurationes
895 766 1239 819 denegauerint,
1264 766 1526 820 precipiatis
1550 766 1615 807 eis
1643 765 1912 807 auctoritate
1930 770 2085 806 nostra
2104 766 2188 807 sub

529 850 646 890 pena
680 838 918 890 canonica,
952 842 1002 879 ut
1033 838 1119 880 sub
1153 838 1302 891 sigillo
1335 853 1419 880 suo
1453 839 1654 880 rationes
1687 852 1794 879 suas
1828 838 1962 879 nobis
1995 838 2188 888 mittant,

528 911 651 963 quod
685 911 742 951 ad
776 910 1055 951 exibendum
1089 911 1280 953 minime
1313 925 1389 953 eas
1421 916 1675 953 teneantur.
1740 912 1910 952 Datum
1945 915 2051 951 etc«

1163 1086 1303 1123 Abbas
1336 1087 1560 1133 Episcopo.

621 1156 952 1233 »Reuerendo
992 1204 1173 1244 semper
1210 1191 1257 1232 in
1292 1192 1473 1234 Christo
1515 1192 1631 1246 patri
1672 1204 1726 1232 ac
1765 1191 1956 1232 domino
1991 1192 2069 1244 .T.‚
2116 1192 2185 1233 dei

530 1264 673 1316 gratia
719 1263 956 1304 Arusiensi
1004 1264 1243 1318 episcopo,
1293 1265 1430 1306 frater
1479 1266 1562 1317 .B.,
1610 1265 1760 1306 dictus
1807 1265 1951 1305 abbas
1995 1264 2041 1304 in
2084 1264 2186 1317 Dm,

530 1331 813 1390 humilisque
837 1336 1043 1376 eiusdem
1063 1337 1151 1378 loci
1169 1342 1441 1390 conuentus,
1466 1337 1685 1391 quicquid
1711 1341 1904 1390 possunt
1927 1337 2187 1379 reuerencie

531 1413 572 1450 et
605 1408 796 1450 honoris
829 1408 874 1448 in
908 1408 1042 1449 licitis
1076 1413 1118 1450 et
1149 1410 1367 1451 honestis.
1433 1410 1626 1451 Litteras
1669 1414 1844 1451 uestras
1886 1423 1967 1463 per
1999 1410 2187 1452 dilectos

531 1481 745 1523 dominos
792 1482 1058 1522 „Iohannem
1106 1483 1218 1524 Lam
1269 1487 1310 1523 et
1357 1483 1641 1537 prepositum
1692 1483 1891 1523 Iwarum
1939 1482 2186 1524 canonicos

530 1553 801 1594 Arusienses
848 1540 1161 1608 <accepim11s>‚
1211 1557 1481 1596 mandatum
1533 1560 1737 1596 uestrum
1786 1555 2092 1608 continentes,
2141 1558 2189 1595 ut

532 1627 879 1679 procurationes
918 1626 1057 1667 trium
1099 1627 1463 1681 septimanarum
1506 1629 1639 1669 uobis
1687 1628 1864 1669 debitas
1911 1628 2187 1669 haberemus

533 1703 809 1753 preparatas.
874 1699 961 1740 Sed
1001 1699 1108 1753 quia
1147 1700 1268 1741 bone
1310 1700 1532 1742 memorie
1564 1701 1784 1742 dominus
1818 1702 1992 1753 Petrus,
2040 1704 2188 1741 uester

532 1773 840 1825 predecessor,
889 1773 1149 1813 exactiones
1189 1786 1296 1813 suas
1338 1778 1379 1814 et
1418 1772 1526 1827 yios,
1573 1787 1597 1814 a
1639 1773 1797 1814 multis
1830 1773 1925 1814 suis
1958 1774 2189 1827 predeces-

533 1845 713 1886 soribus
762 1845 896 1886 nobis
942 1845 1145 1886 indultas
1198 1859 1251 1887 ac
1304 1859 1566 1897 colicessaS,
1619 1846 1664 1887 in
1714 1848 1892 1900 synodo
1940 1845 2187 1896 Arusiensi,

533 1922 740 1971 presente
773 1918 974 1971 capitulo
1009 1931 1092 1958 suo
1126 1922 1167 1958 et
1199 1918 1319 1959 clero
1353 1932 1438 1960 nec
1469 1920 1563 1960 ullo
1597 1920 1888 1971 reclamante,
1932 1918 2116 1972 repecijt
2148 1921 2189 1958 et

532 1991 707 2044 accepit
747 2003 800 2031 ac
842 2004 925 2032 nos
959 1991 1014 2031 de
1047 1991 1459 2043 procuracionihus
1492 1992 1666 2033 dimisit
1699 1996 1954 2044 excusatos,
2001 1991 2188 2045 insuper

533 2068 716 2117 propter
750 2075 964 2116 magnam
1000 2077 1152 2104 rerum
1186 2063 1393 2117 inopiam
1428 2069 1469 2105 et
1494 2065 1721 2106 defectum
1747 2078 1830 2118 pro
1855 2064 2187 2118 multiplicibus

532 2136 711 2189 iniurijs
744 2136 878 2177 nobis
910 2136 1048 2176 illatis
1081 2149 1135 2176 ac
1167 2136 1339 2190 spolijs,
1387 2137 1532 2178 dictas
1571 2138 1919 2191 procurationes
1958 2136 2187 2190 compelli-

488 2219 502 2249 ῐ
534 2222 651 2259 mur,
684 2209 787 2249 licet
819 2208 967 2259 inuiti,
1001 2209 1057 2248 ad
1093 2222 1279 2261 presens
1312 2211 1548 2263 denegare,
1581 2210 1817 2263 presertim
1853 2223 1957 2251 cum
1993 2223 2086 2251 non
2119 2209 2186 2261 sit,

534 2281 612 2334 qui
645 2295 691 2321 se
724 2282 834 2322 uelit
866 2294 1052 2322 murum
1088 2295 1167 2334 pro
1194 2283 1334 2323 domo
1354 2283 1492 2323 lsrael
1518 2296 1752 2336 opponere
1776 2296 1924 2338 neque
1950 2282 2186 2324 ecclesiam

534 2353 620 2406 dei,
668 2367 806 2408 quan]
849 2354 1068 2395 dominus
1108 2358 1261 2395 noster
1291 2355 1461 2395 Jhesus
1495 2356 1704 2396 Christus
1747 2355 1969 2408 sanguine
2002 2354 2186 2409 proprio

535 2426 824 2480 comparauit
854 2440 909 2467 ac
940 2427 1146 2478 redemit,
1193 2427 1485 2480 aliquatenus
1525 2428 1774 2468 defensare.
1838 2428 2022 2480 Verum,
2064 2428 2185 2481 quod

537 2500 787 2539 claustrum
822 2503 1031 2539 nostrum
1066 2512 1089 2539 a
1124 2499 1195 2552 pie
1228 2500 1450 2541 memorie
1483 2498 1747 2555 uelinerabili
1789 2500 1980 2541 domino
2015 2500 2186 2541 Eskillo

536 2571 785 2619 Arusiensi,
834 2576 986 2612 uestro
1020 2573 1354 2625 predecessore,
1398 2573 1644 2614 fundatum
1677 2577 1717 2613 et
1750 2586 1774 2613 a
1808 2585 2073 2614 successore
2105 2586 2186 2613 suo

535 2644 747 2685 Suenone
802 2645 1011 2685 dotatum
1066 2649 1107 2685 et
1158 2644 1355 2685 ditatum
1402 2646 1621 2695 asseritis,
1684 2646 1807 2700 quod
1864 2658 1949 2685 nos
2005 2658 2186 2700 quoque

1752 2764 1870 2794 Dyursae

623 2801 657 2835 2.
704 2800 890 2836 Eschillo
938 2802 981 2836 Β.
1073 2801 1108 2838 3.
1158 2801 1361 2837 donatum
1411 2801 1452 2837 B.
1546 2803 1579 2837 4.
1627 2802 1950 2841 eisdemAVrsae
1997 2802 2030 2837 B
2075 2798 2185 2850 (sic!).

536 2857 572 2893 6.
611 2861 784 2893 actenus
817 2856 872 2893 CS
910 2857 969 2906 (ul
1007 2869 1112 2904 saepe
1151 2856 1372 2906 scribitu1');
1418 2859 1624 2895 hactenus
1660 2861 1703 2895 B.
1782 2859 1814 2895 7.
1857 2859 2102 2906 negauerim
2141 2858 2185 2902 Β,

534 2914 658 2950 simul
698 2915 820 2951 nobis
860 2917 953 2951 ante
991 2915 1028 2951 11.
1063 2926 1094 2951 ι).
1128 2915 1280 2951 iterato.
1370 2917 1595 2952 autoritate
1627 2917 1671 2952 B.
1749 2917 1783 2951 9.
1825 2916 2109 2952 exhibendum
2142 2915 2184 2950 B.

539 2972 598 3007 10.
639 2971 778 3008 Abbas
819 2971 909 3018 Epo
946 2972 1177 3008 rubricator
1211 2972 1358 3018 pinxit.
1439 2973 1498 3009 16.
1541 2973 1782 3020 accepimus
1824 2974 1917 3009 add.
1962 2971 2183 3019 Lanqebelc,

535 3028 604 3064 sed
638 3031 732 3074 post
767 3033 1015 3075 preparatas
1046 3031 1094 3073 (v.
1128 3029 1206 3074 18).
1284 3030 1347 3066 26.
1379 3031 1453 3066 isrrr
1483 3030 1513 3074 (i
1553 3041 1581 3066 e.
1616 3030 1758 3073 Israel,
1803 3041 1886 3066 non
1920 3031 2099 3073 Israelis,
2146 3028 2187 3064 ut

535 3085 697 3131 scripsit
727 3086 969 3132 Lanyebelc),
1003 3086 1073 3132 cfr.
1109 3085 1245 3122 Ezech.
1282 3086 1343 3132 13,
1364 3087 1398 3122 5.
1489 3088 1623 3123 eccfflie
1657 3086 1722 3132 CS,
1753 3087 1920 3123 correxi.
