<?xml version="1.0" encoding="UTF-8"?>
<!DOCTYPE html PUBLIC "-//W3C//DTD XHTML 1.0 Transitional//EN"
    "http://www.w3.org/TR/xhtml1/DTD/xhtml1-transitional.dtd">
<html xmlns="http://www.w3.org/1999/xhtml" xml:lang="en" lang="en">
 <head>
  <title>
</title>
<meta http-equiv="Content-Type" content="text/html;charset=utf-8" />
  <meta name='ocr-system' content='tesseract 3.04.00' />
  <meta name='ocr-capabilities' content='ocr_page ocr_carea ocr_par ocr_line ocrx_word'/>
</head>
<body>
  <div class='ocr_page' id='page_1' title='image "./scriptoresminore212gert_0196.png"; bbox 0 0 2242 3551; ppageno 0'>
   <div class='ocr_carea' id='block_1_1' title="bbox 447 967 487 998">
    <p class='ocr_par' dir='ltr' id='par_1_1' title="bbox 447 967 487 998">
     <span class='ocr_line' id='line_1_1' title="bbox 447 967 487 998; baseline -0.025 0"><span class='ocrx_word' id='word_1_1' title='bbox 447 967 487 998; x_wconf 89' lang='lat'>10</span> 
     </span>
    </p>
   </div>
   <div class='ocr_carea' id='block_1_2' title="bbox 447 1330 486 1360">
    <p class='ocr_par' dir='ltr' id='par_1_2' title="bbox 447 1330 486 1360">
     <span class='ocr_line' id='line_1_2' title="bbox 447 1330 486 1360; baseline 0 0"><span class='ocrx_word' id='word_1_2' title='bbox 447 1330 486 1360; x_wconf 84' lang='lat'>15</span> 
     </span>
    </p>
   </div>
   <div class='ocr_carea' id='block_1_3' title="bbox 330 1470 489 1506">
    <p class='ocr_par' dir='ltr' id='par_1_3' title="bbox 330 1470 489 1506">
     <span class='ocr_line' id='line_1_3' title="bbox 330 1470 489 1506; baseline 0.013 -2"><span class='ocrx_word' id='word_1_3' title='bbox 330 1473 405 1505; x_wconf 91' lang='lat' dir='ltr'>Fol.</span> <span class='ocrx_word' id='word_1_4' title='bbox 422 1470 489 1506; x_wconf 68' lang='lat'>19¹.</span> 
     </span>
    </p>
   </div>
   <div class='ocr_carea' id='block_1_4' title="bbox 445 1693 486 1723">
    <p class='ocr_par' dir='ltr' id='par_1_4' title="bbox 445 1693 486 1723">
     <span class='ocr_line' id='line_1_4' title="bbox 445 1693 486 1723; baseline 0 0"><span class='ocrx_word' id='word_1_5' title='bbox 445 1693 486 1723; x_wconf 87' lang='grc'>20</span> 
     </span>
    </p>
   </div>
   <div class='ocr_carea' id='block_1_5' title="bbox 443 2056 485 2086">
    <p class='ocr_par' dir='ltr' id='par_1_5' title="bbox 443 2056 485 2086">
     <span class='ocr_line' id='line_1_5' title="bbox 443 2056 485 2086; baseline 0 0"><span class='ocrx_word' id='word_1_6' title='bbox 443 2056 485 2086; x_wconf 83' lang='grc'>25</span> 
     </span>
    </p>
   </div>
   <div class='ocr_carea' id='block_1_6' title="bbox 442 2421 484 2452">
    <p class='ocr_par' dir='ltr' id='par_1_6' title="bbox 442 2421 484 2452">
     <span class='ocr_line' id='line_1_6' title="bbox 442 2421 484 2452; baseline 0.024 -1"><span class='ocrx_word' id='word_1_7' title='bbox 442 2421 484 2452; x_wconf 85' lang='grc'>30</span> 
     </span>
    </p>
   </div>
   <div class='ocr_carea' id='block_1_7' title="bbox 520 182 1829 222">
    <p class='ocr_par' dir='ltr' id='par_1_7' title="bbox 520 182 1829 222">
     <span class='ocr_line' id='line_1_7' title="bbox 520 182 1829 222; baseline 0 -1"><span class='ocrx_word' id='word_1_8' title='bbox 520 182 598 221; x_wconf 84' lang='grc'>186</span> <span class='ocrx_word' id='word_1_9' title='bbox 854 192 1128 222; x_wconf 79' lang='lat' dir='ltr'>SCRIPTORES</span> <span class='ocrx_word' id='word_1_10' title='bbox 1162 192 1388 221; x_wconf 77' lang='lat' dir='ltr'>HlsromAE</span> <span class='ocrx_word' id='word_1_11' title='bbox 1421 192 1597 221; x_wconf 82' lang='lat' dir='ltr'>DANICAE</span> <span class='ocrx_word' id='word_1_12' title='bbox 1630 193 1829 222; x_wconf 80' lang='lat' dir='ltr'><strong>MINORES</strong></span> 
     </span>
    </p>
   </div>
   <div class='ocr_carea' id='block_1_8' title="bbox 510 305 2166 2537">
    <p class='ocr_par' dir='ltr' id='par_1_8' title="bbox 510 305 2166 2537">
     <span class='ocr_line' id='line_1_8' title="bbox 517 305 2162 360; baseline 0.001 -14"><span class='ocrx_word' id='word_1_13' title='bbox 517 306 754 347; x_wconf 80' lang='lat' dir='ltr'>materiam</span> <span class='ocrx_word' id='word_1_14' title='bbox 804 306 969 347; x_wconf 90' lang='lat' dir='ltr'>habeat</span> <span class='ocrx_word' id='word_1_15' title='bbox 1015 305 1296 357; x_wconf 86' lang='lat' dir='ltr'>malignandi</span> <span class='ocrx_word' id='word_1_16' title='bbox 1344 307 1415 347; x_wconf 92' lang='lat' dir='ltr'>uel</span> <span class='ocrx_word' id='word_1_17' title='bbox 1454 306 1805 360; x_wconf 80' lang='lat' dir='ltr'>quomodolibet</span> <span class='ocrx_word' id='word_1_18' title='bbox 1844 307 1968 360; x_wconf 90' lang='lat' dir='ltr'>ipsos</span> <span class='ocrx_word' id='word_1_19' title='bbox 2006 311 2162 348; x_wconf 87' lang='lat' dir='ltr'>contra</span> 
     </span>
     <span class='ocr_line' id='line_1_9' title="bbox 514 377 2164 432; baseline 0.001 -13"><span class='ocrx_word' id='word_1_20' title='bbox 514 378 743 419; x_wconf 89' lang='lat' dir='ltr'>iusticiam</span> <span class='ocrx_word' id='word_1_21' title='bbox 778 379 1066 430; x_wconf 80' lang='lat' dir='ltr'>molestandi,</span> <span class='ocrx_word' id='word_1_22' title='bbox 1113 377 1247 418; x_wconf 92' lang='lat' dir='ltr'>uobis</span> <span class='ocrx_word' id='word_1_23' title='bbox 1290 392 1368 432; x_wconf 90' lang='lat' dir='ltr'>per</span> <span class='ocrx_word' id='word_1_24' title='bbox 1399 379 1652 432; x_wconf 87' lang='lat' dir='ltr'>apostolica</span> <span class='ocrx_word' id='word_1_25' title='bbox 1686 379 1853 432; x_wconf 91' lang='lat' dir='ltr'>scripta</span> <span class='ocrx_word' id='word_1_26' title='bbox 1887 380 2164 420; x_wconf 82' lang='lat' dir='ltr'>mandamus</span> 
     </span>
     <span class='ocr_line' id='line_1_10' title="bbox 514 450 2164 505; baseline 0.001 -14"><span class='ocrx_word' id='word_1_27' title='bbox 514 455 555 491; x_wconf 90' lang='lat' dir='ltr'>et</span> <span class='ocrx_word' id='word_1_28' title='bbox 593 451 794 492; x_wconf 89' lang='lat' dir='ltr'>districte</span> <span class='ocrx_word' id='word_1_29' title='bbox 833 450 1127 504; x_wconf 84' lang='lat' dir='ltr'>precipimus,</span> <span class='ocrx_word' id='word_1_30' title='bbox 1176 451 1393 505; x_wconf 81' lang='lat' dir='ltr'>quatinus</span> <span class='ocrx_word' id='word_1_31' title='bbox 1434 450 1719 504; x_wconf 79' lang='lat' dir='ltr'>omnibus(!),</span> <span class='ocrx_word' id='word_1_32' title='bbox 1767 451 1844 504; x_wconf 92' lang='lat' dir='ltr'>qui</span> <span class='ocrx_word' id='word_1_33' title='bbox 1883 455 1990 492; x_wconf 92' lang='lat' dir='ltr'>sunt</span> <span class='ocrx_word' id='word_1_34' title='bbox 2026 452 2164 492; x_wconf 88' lang='lat' dir='ltr'>uestri</span> 
     </span>
     <span class='ocr_line' id='line_1_11' title="bbox 513 522 2164 576; baseline 0.001 -13"><span class='ocrx_word' id='word_1_35' title='bbox 513 522 639 574; x_wconf 89' lang='lat' dir='ltr'>iuris,</span> <span class='ocrx_word' id='word_1_36' title='bbox 686 523 956 564; x_wconf 91' lang='lat' dir='ltr'>auctoritate</span> <span class='ocrx_word' id='word_1_37' title='bbox 1002 527 1157 563; x_wconf 89' lang='lat' dir='ltr'>nostra</span> <span class='ocrx_word' id='word_1_38' title='bbox 1206 523 1450 576; x_wconf 84' lang='lat' dir='ltr'>prohibere</span> <span class='ocrx_word' id='word_1_39' title='bbox 1497 523 1677 575; x_wconf 85' lang='lat' dir='ltr'>curetis,</span> <span class='ocrx_word' id='word_1_40' title='bbox 1725 537 1781 564; x_wconf 91' lang='lat' dir='ltr'>ne</span> <span class='ocrx_word' id='word_1_41' title='bbox 1828 537 1852 564; x_wconf 93' lang='lat' dir='ltr'>a</span> <span class='ocrx_word' id='word_1_42' title='bbox 1899 524 2164 564; x_wconf 89' lang='lat' dir='ltr'>memoratis</span> 
     </span>
     <span class='ocr_line' id='line_1_12' title="bbox 515 595 2163 637; baseline 0.001 -2"><span class='ocrx_word' id='word_1_43' title='bbox 515 595 731 636; x_wconf 82' lang='lat' dir='ltr'>fratribus</span> <span class='ocrx_word' id='word_1_44' title='bbox 772 595 1037 636; x_wconf 88' lang='lat' dir='ltr'>Careinsule</span> <span class='ocrx_word' id='word_1_45' title='bbox 1084 596 1157 636; x_wconf 89' lang='lat' dir='ltr'>uel</span> <span class='ocrx_word' id='word_1_46' title='bbox 1203 609 1228 636; x_wconf 90' lang='lat' dir='ltr'>a</span> <span class='ocrx_word' id='word_1_47' title='bbox 1270 595 1487 636; x_wconf 87' lang='lat' dir='ltr'>fratribus</span> <span class='ocrx_word' id='word_1_48' title='bbox 1533 595 1728 636; x_wconf 88' lang='lat' dir='ltr'>aliorum</span> <span class='ocrx_word' id='word_1_49' title='bbox 1778 596 2163 637; x_wconf 78' lang='lat' dir='ltr'>monasteriorum</span> 
     </span>
     <span class='ocr_line' id='line_1_13' title="bbox 515 667 2164 722; baseline 0 -13"><span class='ocrx_word' id='word_1_50' title='bbox 515 667 828 709; x_wconf 87' lang='lat' dir='ltr'>Cisterciensis</span> <span class='ocrx_word' id='word_1_51' title='bbox 868 668 1056 719; x_wconf 83' lang='lat' dir='ltr'>ordinis,</span> <span class='ocrx_word' id='word_1_52' title='bbox 1102 668 1181 722; x_wconf 89' lang='lat' dir='ltr'>qui</span> <span class='ocrx_word' id='word_1_53' title='bbox 1221 668 1266 708; x_wconf 92' lang='lat' dir='ltr'>in</span> <span class='ocrx_word' id='word_1_54' title='bbox 1306 668 1646 721; x_wconf 90' lang='lat' dir='ltr'>episcopatibus</span> <span class='ocrx_word' id='word_1_55' title='bbox 1688 668 1851 709; x_wconf 89' lang='lat' dir='ltr'>uestris</span> <span class='ocrx_word' id='word_1_56' title='bbox 1895 669 2164 721; x_wconf 89' lang='lat' dir='ltr'>consistunt,</span> 
     </span>
     <span class='ocr_line' id='line_1_14' title="bbox 514 740 2165 795; baseline 0.001 -15"><span class='ocrx_word' id='word_1_57' title='bbox 514 741 569 781; x_wconf 93' lang='lat' dir='ltr'>de</span> <span class='ocrx_word' id='word_1_58' title='bbox 609 740 855 781; x_wconf 91' lang='lat' dir='ltr'>noualibus</span> <span class='ocrx_word' id='word_1_59' title='bbox 896 741 966 781; x_wconf 79' lang='lat' dir='ltr'>vel</span> <span class='ocrx_word' id='word_1_60' title='bbox 1006 741 1061 781; x_wconf 91' lang='lat' dir='ltr'>de</span> <span class='ocrx_word' id='word_1_61' title='bbox 1108 740 1209 793; x_wconf 87' lang='lat' dir='ltr'>alijs</span> <span class='ocrx_word' id='word_1_62' title='bbox 1248 741 1392 792; x_wconf 78' lang='lat' dir='ltr'>terris,</span> <span class='ocrx_word' id='word_1_63' title='bbox 1439 754 1555 795; x_wconf 83' lang='lat' dir='ltr'>quas</span> <span class='ocrx_word' id='word_1_64' title='bbox 1593 740 1791 794; x_wconf 89' lang='lat' dir='ltr'>proprijs</span> <span class='ocrx_word' id='word_1_65' title='bbox 1830 741 2046 782; x_wconf 90' lang='lat' dir='ltr'>manibus</span> <span class='ocrx_word' id='word_1_66' title='bbox 2087 745 2165 782; x_wconf 93' lang='lat' dir='ltr'>aut</span> 
     </span>
     <span class='ocr_line' id='line_1_15' title="bbox 514 813 2164 866; baseline 0.001 -13"><span class='ocrx_word' id='word_1_67' title='bbox 514 813 776 866; x_wconf 87' lang='lat' dir='ltr'>sumptibus</span> <span class='ocrx_word' id='word_1_68' title='bbox 809 813 1035 865; x_wconf 89' lang='lat' dir='ltr'>excolunt,</span> <span class='ocrx_word' id='word_1_69' title='bbox 1079 813 1308 854; x_wconf 89' lang='lat' dir='ltr'>ullatenus</span> <span class='ocrx_word' id='word_1_70' title='bbox 1348 813 1551 853; x_wconf 89' lang='lat' dir='ltr'>decimas</span> <span class='ocrx_word' id='word_1_71' title='bbox 1583 817 1853 866; x_wconf 86' lang='lat' dir='ltr'>presumant</span> <span class='ocrx_word' id='word_1_72' title='bbox 1885 814 2059 866; x_wconf 83' lang='lat' dir='ltr'>exigere</span> <span class='ocrx_word' id='word_1_73' title='bbox 2091 815 2164 855; x_wconf 91' lang='lat' dir='ltr'>uel</span> 
     </span>
     <span class='ocr_line' id='line_1_16' title="bbox 513 885 2164 939; baseline 0.001 -13"><span class='ocrx_word' id='word_1_74' title='bbox 513 885 863 939; x_wconf 86' lang='lat' dir='ltr'>quomodolibet</span> <span class='ocrx_word' id='word_1_75' title='bbox 895 889 1175 939; x_wconf 88' lang='lat' dir='ltr'>extorquere.</span> <span class='ocrx_word' id='word_1_76' title='bbox 1233 886 1351 926; x_wconf 91' lang='lat' dir='ltr'>Nam</span> <span class='ocrx_word' id='word_1_77' title='bbox 1383 885 1420 926; x_wconf 88' lang='lat' dir='ltr'>si</span> <span class='ocrx_word' id='word_1_78' title='bbox 1453 886 1508 926; x_wconf 89' lang='lat' dir='ltr'>de</span> <span class='ocrx_word' id='word_1_79' title='bbox 1540 886 1787 927; x_wconf 88' lang='lat' dir='ltr'>noualibus</span> <span class='ocrx_word' id='word_1_80' title='bbox 1819 890 1998 927; x_wconf 90' lang='lat' dir='ltr'>tantum</span> <span class='ocrx_word' id='word_1_81' title='bbox 2031 887 2164 927; x_wconf 89' lang='lat' dir='ltr'>uelle-</span> 
     </span>
     <span class='ocr_line' id='line_1_17' title="bbox 514 957 2164 1013; baseline 0.001 -15"><span class='ocrx_word' id='word_1_82' title='bbox 514 971 618 998; x_wconf 90' lang='lat' dir='ltr'>mus</span> <span class='ocrx_word' id='word_1_83' title='bbox 650 958 853 1010; x_wconf 81' lang='lat' dir='ltr'>intelligi,</span> <span class='ocrx_word' id='word_1_84' title='bbox 901 958 980 998; x_wconf 90' lang='lat' dir='ltr'>ubi</span> <span class='ocrx_word' id='word_1_85' title='bbox 1020 958 1237 1011; x_wconf 89' lang='lat' dir='ltr'>ponimus</span> <span class='ocrx_word' id='word_1_86' title='bbox 1279 959 1333 999; x_wconf 93' lang='lat' dir='ltr'>de</span> <span class='ocrx_word' id='word_1_87' title='bbox 1366 957 1618 1009; x_wconf 82' lang='lat' dir='ltr'>laboribus,</span> <span class='ocrx_word' id='word_1_88' title='bbox 1661 959 1716 998; x_wconf 90' lang='lat' dir='ltr'>de</span> <span class='ocrx_word' id='word_1_89' title='bbox 1748 959 1995 1000; x_wconf 89' lang='lat' dir='ltr'>noualibus</span> <span class='ocrx_word' id='word_1_90' title='bbox 2028 973 2164 1013; x_wconf 91' lang='lat' dir='ltr'>pone-</span> 
     </span>
     <span class='ocr_line' id='line_1_18' title="bbox 513 1030 2162 1085; baseline 0.001 -15"><span class='ocrx_word' id='word_1_91' title='bbox 513 1043 682 1082; x_wconf 90' lang='lat' dir='ltr'>remus,</span> <span class='ocrx_word' id='word_1_92' title='bbox 730 1031 847 1071; x_wconf 91' lang='lat' dir='ltr'>sicut</span> <span class='ocrx_word' id='word_1_93' title='bbox 893 1030 939 1070; x_wconf 90' lang='lat' dir='ltr'>in</span> <span class='ocrx_word' id='word_1_94' title='bbox 987 1030 1238 1084; x_wconf 83' lang='lat' dir='ltr'>priuilegijs</span> <span class='ocrx_word' id='word_1_95' title='bbox 1284 1032 1578 1085; x_wconf 88' lang='lat' dir='ltr'>quorundam</span> <span class='ocrx_word' id='word_1_96' title='bbox 1627 1031 1824 1072; x_wconf 91' lang='lat' dir='ltr'>aliorum</span> <span class='ocrx_word' id='word_1_97' title='bbox 1871 1031 2162 1085; x_wconf 88' lang='lat' dir='ltr'>apponimus.</span> 
     </span>
     <span class='ocr_line' id='line_1_19' title="bbox 514 1103 2164 1155; baseline 0.001 -12"><span class='ocrx_word' id='word_1_98' title='bbox 514 1103 634 1154; x_wconf 85' lang='lat' dir='ltr'>Quia</span> <span class='ocrx_word' id='word_1_99' title='bbox 660 1116 768 1144; x_wconf 91' lang='lat' dir='ltr'>uero</span> <span class='ocrx_word' id='word_1_100' title='bbox 793 1116 885 1143; x_wconf 90' lang='lat' dir='ltr'>non</span> <span class='ocrx_word' id='word_1_101' title='bbox 912 1107 978 1143; x_wconf 91' lang='lat' dir='ltr'>est</span> <span class='ocrx_word' id='word_1_102' title='bbox 1002 1103 1283 1144; x_wconf 89' lang='lat' dir='ltr'>conueniens</span> <span class='ocrx_word' id='word_1_103' title='bbox 1308 1104 1381 1144; x_wconf 93' lang='lat' dir='ltr'>uel</span> <span class='ocrx_word' id='word_1_104' title='bbox 1407 1104 1668 1155; x_wconf 88' lang='lat' dir='ltr'>honestum,</span> <span class='ocrx_word' id='word_1_105' title='bbox 1701 1107 1750 1144; x_wconf 91' lang='lat' dir='ltr'>ut</span> <span class='ocrx_word' id='word_1_106' title='bbox 1774 1108 1932 1145; x_wconf 89' lang='lat' dir='ltr'>contra</span> <span class='ocrx_word' id='word_1_107' title='bbox 1958 1104 2164 1145; x_wconf 90' lang='lat' dir='ltr'>instituta</span> 
     </span>
     <span class='ocr_line' id='line_1_20' title="bbox 513 1175 2163 1230; baseline 0.001 -14"><span class='ocrx_word' id='word_1_108' title='bbox 513 1175 634 1216; x_wconf 88' lang='lat' dir='ltr'>sedis</span> <span class='ocrx_word' id='word_1_109' title='bbox 680 1175 929 1229; x_wconf 83' lang='lat' dir='ltr'>apostolice</span> <span class='ocrx_word' id='word_1_110' title='bbox 979 1176 1203 1228; x_wconf 87' lang='lat' dir='ltr'>ueniatur,</span> <span class='ocrx_word' id='word_1_111' title='bbox 1250 1190 1338 1230; x_wconf 93' lang='lat' dir='ltr'>que</span> <span class='ocrx_word' id='word_1_112' title='bbox 1387 1176 1593 1229; x_wconf 84' lang='lat' dir='ltr'>optinere</span> <span class='ocrx_word' id='word_1_113' title='bbox 1633 1176 1800 1217; x_wconf 85' lang='lat' dir='ltr'>debent</span> <span class='ocrx_word' id='word_1_114' title='bbox 1845 1176 2163 1218; x_wconf 89' lang='lat' dir='ltr'>inuiolabilem</span> 
     </span>
     <span class='ocr_line' id='line_1_21' title="bbox 514 1248 2162 1303; baseline 0.001 -15"><span class='ocrx_word' id='word_1_115' title='bbox 514 1248 790 1301; x_wconf 85' lang='lat' dir='ltr'>firmitatem,</span> <span class='ocrx_word' id='word_1_116' title='bbox 824 1250 1102 1289; x_wconf 86' lang='lat' dir='ltr'>mandamus</span> <span class='ocrx_word' id='word_1_117' title='bbox 1135 1249 1269 1289; x_wconf 91' lang='lat' dir='ltr'>uobis</span> <span class='ocrx_word' id='word_1_118' title='bbox 1301 1248 1583 1303; x_wconf 88' lang='lat' dir='ltr'>firmiterque</span> <span class='ocrx_word' id='word_1_119' title='bbox 1616 1249 1910 1302; x_wconf 83' lang='lat' dir='ltr'>precipimus,</span> <span class='ocrx_word' id='word_1_120' title='bbox 1942 1253 2004 1302; x_wconf 88' lang='lat' dir='ltr'>ut,</span> <span class='ocrx_word' id='word_1_121' title='bbox 2041 1249 2162 1303; x_wconf 88' lang='lat' dir='ltr'>siqui</span> 
     </span>
     <span class='ocr_line' id='line_1_22' title="bbox 514 1320 2164 1375; baseline 0.001 -14"><span class='ocrx_word' id='word_1_122' title='bbox 514 1320 746 1373; x_wconf 86' lang='lat' dir='ltr'>monachi,</span> <span class='ocrx_word' id='word_1_123' title='bbox 792 1321 1017 1374; x_wconf 88' lang='lat' dir='ltr'>canonici,</span> <span class='ocrx_word' id='word_1_124' title='bbox 1064 1321 1230 1373; x_wconf 86' lang='lat' dir='ltr'>clerici,</span> <span class='ocrx_word' id='word_1_125' title='bbox 1286 1322 1357 1362; x_wconf 90' lang='lat' dir='ltr'>uel</span> <span class='ocrx_word' id='word_1_126' title='bbox 1404 1321 1507 1361; x_wconf 90' lang='lat' dir='ltr'>laici</span> <span class='ocrx_word' id='word_1_127' title='bbox 1554 1325 1712 1362; x_wconf 88' lang='lat' dir='ltr'>contra</span> <span class='ocrx_word' id='word_1_128' title='bbox 1759 1322 1996 1375; x_wconf 83' lang='lat' dir='ltr'>priuilegia</span> <span class='ocrx_word' id='word_1_129' title='bbox 2045 1322 2164 1362; x_wconf 90' lang='lat' dir='ltr'>sedis</span> 
     </span>
     <span class='ocr_line' id='line_1_23' title="bbox 512 1393 2164 1448; baseline 0.001 -15"><span class='ocrx_word' id='word_1_130' title='bbox 512 1393 761 1446; x_wconf 88' lang='lat' dir='ltr'>apostolice</span> <span class='ocrx_word' id='word_1_131' title='bbox 809 1394 1036 1447; x_wconf 88' lang='lat' dir='ltr'>predictos</span> <span class='ocrx_word' id='word_1_132' title='bbox 1077 1407 1215 1448; x_wconf 92' lang='lat' dir='ltr'>super</span> <span class='ocrx_word' id='word_1_133' title='bbox 1254 1394 1535 1435; x_wconf 89' lang='lat' dir='ltr'>decimarum</span> <span class='ocrx_word' id='word_1_134' title='bbox 1578 1394 1814 1435; x_wconf 86' lang='lat' dir='ltr'>exactione</span> <span class='ocrx_word' id='word_1_135' title='bbox 1857 1395 2164 1447; x_wconf 83' lang='lat' dir='ltr'>grauauerint,</span> 
     </span>
     <span class='ocr_line' id='line_1_24' title="bbox 516 1464 2166 1521; baseline 0 -15"><span class='ocrx_word' id='word_1_136' title='bbox 516 1465 658 1507; x_wconf 89' lang='lat' dir='ltr'>laicos</span> <span class='ocrx_word' id='word_1_137' title='bbox 700 1467 1191 1508; x_wconf 87' lang='lat' dir='ltr'>excommunicationis</span> <span class='ocrx_word' id='word_1_138' title='bbox 1230 1466 1453 1508; x_wconf 89' lang='lat' dir='ltr'>sententia</span> <span class='ocrx_word' id='word_1_139' title='bbox 1493 1464 1785 1521; x_wconf 65' lang='lat' dir='ltr'>percellatisll,</span> <span class='ocrx_word' id='word_1_140' title='bbox 1829 1467 2084 1508; x_wconf 88' lang='lat' dir='ltr'>monachos</span> <span class='ocrx_word' id='word_1_141' title='bbox 2124 1470 2166 1507; x_wconf 89' lang='lat' dir='ltr'>et</span> 
     </span>
     <span class='ocr_line' id='line_1_25' title="bbox 512 1539 2164 1593; baseline 0.001 -14"><span class='ocrx_word' id='word_1_142' title='bbox 512 1539 760 1580; x_wconf 84' lang='lat' dir='ltr'>canonicos</span> <span class='ocrx_word' id='word_1_143' title='bbox 786 1539 882 1579; x_wconf 89' lang='lat' dir='ltr'>siue</span> <span class='ocrx_word' id='word_1_144' title='bbox 908 1540 1111 1592; x_wconf 89' lang='lat' dir='ltr'>clericos,</span> <span class='ocrx_word' id='word_1_145' title='bbox 1144 1539 1518 1591; x_wconf 88' lang='lat' dir='ltr'>contradictione,</span> <span class='ocrx_word' id='word_1_146' title='bbox 1552 1539 1771 1580; x_wconf 91' lang='lat' dir='ltr'>dilatione</span> <span class='ocrx_word' id='word_1_147' title='bbox 1795 1543 1837 1580; x_wconf 87' lang='lat' dir='ltr'>et</span> <span class='ocrx_word' id='word_1_148' title='bbox 1858 1539 2164 1593; x_wconf 90' lang='lat' dir='ltr'>appellatione</span> 
     </span>
     <span class='ocr_line' id='line_1_26' title="bbox 513 1611 2164 1666; baseline 0 -14"><span class='ocrx_word' id='word_1_149' title='bbox 513 1616 732 1664; x_wconf 87' lang='lat' dir='ltr'>cessante,</span> <span class='ocrx_word' id='word_1_150' title='bbox 780 1613 838 1652; x_wconf 89' lang='lat' dir='ltr'>ab</span> <span class='ocrx_word' id='word_1_151' title='bbox 885 1612 1036 1654; x_wconf 86' lang='lat' dir='ltr'>officio</span> <span class='ocrx_word' id='word_1_152' title='bbox 1084 1613 1389 1666; x_wconf 85' lang='lat' dir='ltr'>suspendatis,</span> <span class='ocrx_word' id='word_1_153' title='bbox 1445 1616 1486 1653; x_wconf 89' lang='lat' dir='ltr'>et</span> <span class='ocrx_word' id='word_1_154' title='bbox 1532 1616 1625 1653; x_wconf 89' lang='lat' dir='ltr'>tam</span> <span class='ocrx_word' id='word_1_155' title='bbox 1673 1611 2164 1653; x_wconf 88' lang='lat' dir='ltr'>excommunicationis</span> 
     </span>
     <span class='ocr_line' id='line_1_27' title="bbox 513 1684 2163 1738; baseline 0 -14"><span class='ocrx_word' id='word_1_156' title='bbox 513 1697 653 1737; x_wconf 89' lang='lat' dir='ltr'>quam</span> <span class='ocrx_word' id='word_1_157' title='bbox 686 1685 1004 1738; x_wconf 89' lang='lat' dir='ltr'>suspensionis</span> <span class='ocrx_word' id='word_1_158' title='bbox 1038 1685 1310 1726; x_wconf 88' lang='lat' dir='ltr'>sententiam</span> <span class='ocrx_word' id='word_1_159' title='bbox 1344 1685 1519 1726; x_wconf 84' lang='lat' dir='ltr'>faciatis</span> <span class='ocrx_word' id='word_1_160' title='bbox 1554 1698 1698 1738; x_wconf 89' lang='lat' dir='ltr'>usque</span> <span class='ocrx_word' id='word_1_161' title='bbox 1731 1685 1789 1725; x_wconf 91' lang='lat' dir='ltr'>ad</span> <span class='ocrx_word' id='word_1_162' title='bbox 1821 1685 2006 1737; x_wconf 84' lang='lat' dir='ltr'>dignam</span> <span class='ocrx_word' id='word_1_163' title='bbox 2038 1684 2163 1724; x_wconf 89' lang='lat' dir='ltr'>satis-</span> 
     </span>
     <span class='ocr_line' id='line_1_28' title="bbox 513 1756 2163 1808; baseline 0.001 -12"><span class='ocrx_word' id='word_1_164' title='bbox 513 1756 759 1797; x_wconf 87' lang='lat' dir='ltr'>factionem</span> <span class='ocrx_word' id='word_1_165' title='bbox 806 1757 1136 1798; x_wconf 87' lang='lat' dir='ltr'>inuiolabiliter</span> <span class='ocrx_word' id='word_1_166' title='bbox 1182 1758 1440 1808; x_wconf 87' lang='lat' dir='ltr'>obseruari;</span> <span class='ocrx_word' id='word_1_167' title='bbox 1501 1771 1585 1799; x_wconf 92' lang='lat' dir='ltr'>nec</span> <span class='ocrx_word' id='word_1_168' title='bbox 1637 1757 1780 1798; x_wconf 89' lang='lat' dir='ltr'>littere</span> <span class='ocrx_word' id='word_1_169' title='bbox 1834 1757 1908 1797; x_wconf 90' lang='lat' dir='ltr'>ille</span> <span class='ocrx_word' id='word_1_170' title='bbox 1962 1757 2163 1797; x_wconf 87' lang='lat' dir='ltr'>habeant</span> 
     </span>
     <span class='ocr_line' id='line_1_29' title="bbox 513 1829 2162 1883; baseline 0.001 -14"><span class='ocrx_word' id='word_1_171' title='bbox 513 1829 791 1881; x_wconf 86' lang='lat' dir='ltr'>firmitatem,</span> <span class='ocrx_word' id='word_1_172' title='bbox 839 1843 954 1883; x_wconf 88' lang='lat' dir='ltr'>quas</span> <span class='ocrx_word' id='word_1_173' title='bbox 993 1834 1149 1871; x_wconf 86' lang='lat' dir='ltr'>contra</span> <span class='ocrx_word' id='word_1_174' title='bbox 1183 1834 1387 1871; x_wconf 89' lang='lat' dir='ltr'>tenorem</span> <span class='ocrx_word' id='word_1_175' title='bbox 1422 1830 1560 1871; x_wconf 90' lang='lat' dir='ltr'>huius</span> <span class='ocrx_word' id='word_1_176' title='bbox 1593 1830 1749 1883; x_wconf 90' lang='lat' dir='ltr'>scripti</span> <span class='ocrx_word' id='word_1_177' title='bbox 1781 1830 1838 1870; x_wconf 90' lang='lat' dir='ltr'>ab</span> <span class='ocrx_word' id='word_1_178' title='bbox 1871 1830 2026 1883; x_wconf 90' lang='lat' dir='ltr'>aliquo</span> <span class='ocrx_word' id='word_1_179' title='bbox 2059 1842 2162 1870; x_wconf 86' lang='lat' dir='ltr'>con-</span> 
     </span>
     <span class='ocr_line' id='line_1_30' title="bbox 513 1901 2162 1956; baseline 0 -15"><span class='ocrx_word' id='word_1_180' title='bbox 513 1901 673 1942; x_wconf 87' lang='lat' dir='ltr'>stiterit</span> <span class='ocrx_word' id='word_1_181' title='bbox 726 1902 1004 1956; x_wconf 83' lang='lat' dir='ltr'>impetratas.</span> <span class='ocrx_word' id='word_1_182' title='bbox 1096 1903 1164 1943; x_wconf 90' lang='lat' dir='ltr'>Ad</span> <span class='ocrx_word' id='word_1_183' title='bbox 1218 1904 1303 1944; x_wconf 89' lang='lat' dir='ltr'>hec</span> <span class='ocrx_word' id='word_1_184' title='bbox 1364 1903 1497 1944; x_wconf 88' lang='lat' dir='ltr'>uobis</span> <span class='ocrx_word' id='word_1_185' title='bbox 1559 1903 1839 1956; x_wconf 90' lang='lat' dir='ltr'>presentium</span> <span class='ocrx_word' id='word_1_186' title='bbox 1894 1901 2162 1943; x_wconf 85' lang='lat' dir='ltr'>auctoritate</span> 
     </span>
     <span class='ocr_line' id='line_1_31' title="bbox 514 1974 2162 2030; baseline 0 -16"><span class='ocrx_word' id='word_1_187' title='bbox 514 1974 807 2027; x_wconf 86' lang='lat' dir='ltr'>precipiendo</span> <span class='ocrx_word' id='word_1_188' title='bbox 861 1976 1159 2028; x_wconf 87' lang='lat' dir='ltr'>mandamus,</span> <span class='ocrx_word' id='word_1_189' title='bbox 1213 1976 1450 2029; x_wconf 86' lang='lat' dir='ltr'>quatinus,</span> <span class='ocrx_word' id='word_1_190' title='bbox 1504 1975 1647 2030; x_wconf 89' lang='lat' dir='ltr'>siquis</span> <span class='ocrx_word' id='word_1_191' title='bbox 1694 1975 1740 2015; x_wconf 92' lang='lat' dir='ltr'>in</span> <span class='ocrx_word' id='word_1_192' title='bbox 1788 1975 2043 2016; x_wconf 87' lang='lat' dir='ltr'>monachos</span> <span class='ocrx_word' id='word_1_193' title='bbox 2091 1974 2162 2015; x_wconf 91' lang='lat' dir='ltr'>uel</span> 
     </span>
     <span class='ocr_line' id='line_1_32' title="bbox 512 2048 2161 2101; baseline 0 -14"><span class='ocrx_word' id='word_1_194' title='bbox 512 2059 762 2088; x_wconf 90' lang='lat' dir='ltr'>conuersos</span> <span class='ocrx_word' id='word_1_195' title='bbox 795 2048 1030 2101; x_wconf 83' lang='lat' dir='ltr'>prescripti</span> <span class='ocrx_word' id='word_1_196' title='bbox 1067 2048 1329 2101; x_wconf 88' lang='lat' dir='ltr'>monasterij</span> <span class='ocrx_word' id='word_1_197' title='bbox 1366 2048 1630 2089; x_wconf 89' lang='lat' dir='ltr'>Careinsule</span> <span class='ocrx_word' id='word_1_198' title='bbox 1670 2048 1743 2088; x_wconf 94' lang='lat' dir='ltr'>uel</span> <span class='ocrx_word' id='word_1_199' title='bbox 1775 2048 1972 2089; x_wconf 91' lang='lat' dir='ltr'>aliorum</span> <span class='ocrx_word' id='word_1_200' title='bbox 2005 2059 2161 2087; x_wconf 88' lang='lat' dir='ltr'>mona-</span> 
     </span>
     <span class='ocr_line' id='line_1_33' title="bbox 512 2119 2161 2171; baseline 0 -12"><span class='ocrx_word' id='word_1_201' title='bbox 512 2119 754 2160; x_wconf 89' lang='lat' dir='ltr'>steriorum</span> <span class='ocrx_word' id='word_1_202' title='bbox 790 2120 1103 2162; x_wconf 85' lang='lat' dir='ltr'>Cisterciensis</span> <span class='ocrx_word' id='word_1_203' title='bbox 1135 2121 1309 2162; x_wconf 90' lang='lat' dir='ltr'>ordinis</span> <span class='ocrx_word' id='word_1_204' title='bbox 1342 2134 1507 2161; x_wconf 88' lang='lat' dir='ltr'>manus</span> <span class='ocrx_word' id='word_1_205' title='bbox 1540 2121 1767 2161; x_wconf 90' lang='lat' dir='ltr'>uiolentas</span> <span class='ocrx_word' id='word_1_206' title='bbox 1799 2120 2015 2171; x_wconf 89' lang='lat' dir='ltr'>iniecerit,</span> <span class='ocrx_word' id='word_1_207' title='bbox 2058 2132 2161 2160; x_wconf 90' lang='lat' dir='ltr'>eum</span> 
     </span>
     <span class='ocr_line' id='line_1_34' title="bbox 511 2191 2163 2247; baseline 0 -15"><span class='ocrx_word' id='word_1_208' title='bbox 511 2192 714 2233; x_wconf 88' lang='lat' dir='ltr'>candelis</span> <span class='ocrx_word' id='word_1_209' title='bbox 746 2193 948 2234; x_wconf 87' lang='lat' dir='ltr'>accensis</span> <span class='ocrx_word' id='word_1_210' title='bbox 981 2194 1434 2234; x_wconf 88' lang='lat' dir='ltr'>excommunicatum</span> <span class='ocrx_word' id='word_1_211' title='bbox 1468 2194 1651 2247; x_wconf 88' lang='lat' dir='ltr'>publice</span> <span class='ocrx_word' id='word_1_212' title='bbox 1678 2193 1895 2234; x_wconf 86' lang='lat' dir='ltr'>nuntietis</span> <span class='ocrx_word' id='word_1_213' title='bbox 1922 2196 1964 2233; x_wconf 89' lang='lat' dir='ltr'>et</span> <span class='ocrx_word' id='word_1_214' title='bbox 1986 2191 2163 2233; x_wconf 87' lang='lat' dir='ltr'>faciatis</span> 
     </span>
     <span class='ocr_line' id='line_1_35' title="bbox 512 2264 2163 2317; baseline -0.001 -12"><span class='ocrx_word' id='word_1_215' title='bbox 512 2264 628 2305; x_wconf 88' lang='lat' dir='ltr'>sicut</span> <span class='ocrx_word' id='word_1_216' title='bbox 675 2265 1127 2306; x_wconf 87' lang='lat' dir='ltr'>excommunicatum</span> <span class='ocrx_word' id='word_1_217' title='bbox 1174 2267 1232 2307; x_wconf 86' lang='lat' dir='ltr'>ab</span> <span class='ocrx_word' id='word_1_218' title='bbox 1280 2266 1498 2307; x_wconf 89' lang='lat' dir='ltr'>omnibus</span> <span class='ocrx_word' id='word_1_219' title='bbox 1545 2266 1723 2307; x_wconf 86' lang='lat' dir='ltr'>cautius</span> <span class='ocrx_word' id='word_1_220' title='bbox 1778 2265 1961 2317; x_wconf 88' lang='lat' dir='ltr'>euitari,</span> <span class='ocrx_word' id='word_1_221' title='bbox 2016 2265 2163 2306; x_wconf 90' lang='lat' dir='ltr'>donec</span> 
     </span>
     <span class='ocr_line' id='line_1_36' title="bbox 512 2338 2160 2392; baseline -0.001 -15"><span class='ocrx_word' id='word_1_222' title='bbox 512 2348 710 2389; x_wconf 85' lang='lat' dir='ltr'>congrue</span> <span class='ocrx_word' id='word_1_223' title='bbox 758 2338 1007 2379; x_wconf 86' lang='lat' dir='ltr'>satisfaciat</span> <span class='ocrx_word' id='word_1_224' title='bbox 1054 2338 1268 2392; x_wconf 90' lang='lat' dir='ltr'>predictis</span> <span class='ocrx_word' id='word_1_225' title='bbox 1315 2339 1562 2392; x_wconf 85' lang='lat' dir='ltr'>abbatjbus</span> <span class='ocrx_word' id='word_1_226' title='bbox 1617 2343 1659 2379; x_wconf 84' lang='lat' dir='ltr'>et</span> <span class='ocrx_word' id='word_1_227' title='bbox 1704 2338 1921 2379; x_wconf 88' lang='lat' dir='ltr'>fratribus</span> <span class='ocrx_word' id='word_1_228' title='bbox 1968 2341 2010 2379; x_wconf 91' lang='lat' dir='ltr'>et</span> <span class='ocrx_word' id='word_1_229' title='bbox 2055 2350 2160 2378; x_wconf 90' lang='lat' dir='ltr'>cum</span> 
     </span>
     <span class='ocr_line' id='line_1_37' title="bbox 512 2409 2160 2465; baseline 0.001 -16"><span class='ocrx_word' id='word_1_230' title='bbox 512 2409 669 2450; x_wconf 86' lang='lat' dir='ltr'>litteris</span> <span class='ocrx_word' id='word_1_231' title='bbox 709 2410 941 2452; x_wconf 89' lang='lat' dir='ltr'>diocesani</span> <span class='ocrx_word' id='word_1_232' title='bbox 982 2411 1186 2465; x_wconf 86' lang='lat' dir='ltr'>episcopi</span> <span class='ocrx_word' id='word_1_233' title='bbox 1229 2411 1292 2452; x_wconf 91' lang='lat' dir='ltr'>rei</span> <span class='ocrx_word' id='word_1_234' title='bbox 1336 2411 1571 2452; x_wconf 90' lang='lat' dir='ltr'>ueritatem</span> <span class='ocrx_word' id='word_1_235' title='bbox 1607 2411 1947 2452; x_wconf 89' lang='lat' dir='ltr'>continentibus</span> <span class='ocrx_word' id='word_1_236' title='bbox 1979 2414 2160 2464; x_wconf 89' lang='lat' dir='ltr'>aposto-</span> 
     </span>
     <span class='ocr_line' id='line_1_38' title="bbox 510 2481 1297 2537; baseline 0.004 -16"><span class='ocrx_word' id='word_1_237' title='bbox 510 2481 598 2522; x_wconf 91' lang='lat' dir='ltr'>lico</span> <span class='ocrx_word' id='word_1_238' title='bbox 631 2496 678 2523; x_wconf 90' lang='lat' dir='ltr'>se</span> <span class='ocrx_word' id='word_1_239' title='bbox 711 2484 975 2537; x_wconf 88' lang='lat' dir='ltr'>conspectui</span> <span class='ocrx_word' id='word_1_240' title='bbox 1008 2488 1297 2537; x_wconf 88' lang='lat' dir='ltr'>representet.</span> 
     </span>
    </p>
   </div>
   <div class='ocr_carea' id='block_1_9' title="bbox 1209 2670 1475 2716">
    <p class='ocr_par' dir='ltr' id='par_1_9' title="bbox 1209 2670 1475 2716">
     <span class='ocr_line' id='line_1_39' title="bbox 1209 2670 1475 2716; baseline 0 -10"><span class='ocrx_word' id='word_1_241' title='bbox 1209 2670 1307 2716; x_wconf 87' lang='lat' dir='ltr'>Cap.</span> <span class='ocrx_word' id='word_1_242' title='bbox 1340 2670 1475 2706; x_wconf 89' lang='lat' dir='ltr'>XXXI.</span> 
     </span>
    </p>
   </div>
   <div class='ocr_carea' id='block_1_10' title="bbox 874 2750 1804 2796">
    <p class='ocr_par' dir='ltr' id='par_1_10' title="bbox 874 2750 1804 2796">
     <span class='ocr_line' id='line_1_40' title="bbox 874 2750 1804 2796; baseline 0 -11"><span class='ocrx_word' id='word_1_243' title='bbox 874 2750 931 2786; x_wconf 90' lang='lat' dir='ltr'>De</span> <span class='ocrx_word' id='word_1_244' title='bbox 966 2750 1155 2785; x_wconf 86' lang='lat' dir='ltr'>moribus</span> <span class='ocrx_word' id='word_1_245' title='bbox 1187 2750 1331 2786; x_wconf 92' lang='lat' dir='ltr'>domni</span> <span class='ocrx_word' id='word_1_246' title='bbox 1366 2750 1570 2786; x_wconf 89' lang='lat' dir='ltr'>Svenonis</span> <span class='ocrx_word' id='word_1_247' title='bbox 1603 2751 1804 2796; x_wconf 87' lang='lat' dir='ltr'>episcopi.</span> 
     </span>
    </p>
   </div>
   <div class='ocr_carea' id='block_1_11' title="bbox 511 2819 2158 2980">
    <p class='ocr_par' dir='ltr' id='par_1_11' title="bbox 511 2819 2158 2980">
     <span class='ocr_line' id='line_1_41' title="bbox 612 2819 2158 2907; baseline -0.001 -11"><span class='ocrx_word' id='word_1_248' title='bbox 612 2819 727 2896; x_wconf 86' lang='lat' dir='ltr'>His</span> <span class='ocrx_word' id='word_1_249' title='bbox 774 2854 833 2894; x_wconf 89' lang='lat' dir='ltr'>ita</span> <span class='ocrx_word' id='word_1_250' title='bbox 882 2854 1079 2895; x_wconf 88' lang='lat' dir='ltr'>breuiter</span> <span class='ocrx_word' id='word_1_251' title='bbox 1126 2854 1257 2895; x_wconf 90' lang='lat' dir='ltr'>dictis</span> <span class='ocrx_word' id='word_1_252' title='bbox 1304 2856 1358 2895; x_wconf 90' lang='lat' dir='ltr'>de</span> <span class='ocrx_word' id='word_1_253' title='bbox 1406 2854 1654 2907; x_wconf 84' lang='lat' dir='ltr'>priuilegijs</span> <span class='ocrx_word' id='word_1_254' title='bbox 1702 2867 1838 2907; x_wconf 93' lang='lat' dir='ltr'>super</span> <span class='ocrx_word' id='word_1_255' title='bbox 1878 2854 2024 2905; x_wconf 89' lang='lat' dir='ltr'>bonis,</span> <span class='ocrx_word' id='word_1_256' title='bbox 2071 2867 2158 2907; x_wconf 89' lang='lat' dir='ltr'>que</span> 
     </span>
     <span class='ocr_line' id='line_1_42' title="bbox 511 2926 2158 2980; baseline 0 -14"><span class='ocrx_word' id='word_1_257' title='bbox 511 2927 703 2967; x_wconf 89' lang='lat' dir='ltr'>contulit</span> <span class='ocrx_word' id='word_1_258' title='bbox 740 2927 941 2967; x_wconf 91' lang='lat' dir='ltr'>domnus</span> <span class='ocrx_word' id='word_1_259' title='bbox 980 2928 1132 2968; x_wconf 91' lang='lat' dir='ltr'>Sueno</span> <span class='ocrx_word' id='word_1_260' title='bbox 1171 2927 1415 2980; x_wconf 91' lang='lat' dir='ltr'>episcopus</span> <span class='ocrx_word' id='word_1_261' title='bbox 1458 2927 1672 2978; x_wconf 88' lang='lat' dir='ltr'>claustro,</span> <span class='ocrx_word' id='word_1_262' title='bbox 1720 2930 1761 2966; x_wconf 90' lang='lat' dir='ltr'>et</span> <span class='ocrx_word' id='word_1_263' title='bbox 1800 2926 2005 2967; x_wconf 86' lang='lat' dir='ltr'>libertate</span> <span class='ocrx_word' id='word_1_264' title='bbox 2042 2926 2158 2967; x_wconf 89' lang='lat' dir='ltr'>deci-</span> 
     </span>
    </p>
   </div>
   <div class='ocr_carea' id='block_1_12' title="bbox 598 3051 2084 3107">
    <p class='ocr_par' dir='ltr' id='par_1_12' title="bbox 598 3051 2084 3107">
     <span class='ocr_line' id='line_1_43' title="bbox 598 3051 2084 3107; baseline 0 -17"><span class='ocrx_word' id='word_1_265' title='bbox 598 3056 633 3091; x_wconf 85' lang='lat'>2.</span> <span class='ocrx_word' id='word_1_266' title='bbox 669 3053 916 3104; x_wconf 51' lang='lat' dir='ltr'>malestandi</span> <span class='ocrx_word' id='word_1_267' title='bbox 949 3056 994 3092; x_wconf 92' lang='lat' dir='ltr'>C.</span> <span class='ocrx_word' id='word_1_268' title='bbox 1064 3057 1121 3092; x_wconf 87' lang='lat'>10.</span> <span class='ocrx_word' id='word_1_269' title='bbox 1157 3051 1393 3107; x_wconf 57' lang='lat' dir='ltr'>noualllibus</span> <span class='ocrx_word' id='word_1_270' title='bbox 1424 3058 1552 3099; x_wconf 77' lang='lat' dir='ltr'>(eraso</span> <span class='ocrx_word' id='word_1_271' title='bbox 1579 3054 1606 3103; x_wconf 79' lang='lat' dir='ltr'>l)</span> <span class='ocrx_word' id='word_1_272' title='bbox 1639 3055 1682 3092; x_wconf 90' lang='lat' dir='ltr'>C.</span> <span class='ocrx_word' id='word_1_273' title='bbox 1745 3056 1809 3091; x_wconf 85' lang='lat'>27.</span> <span class='ocrx_word' id='word_1_274' title='bbox 1844 3055 2006 3091; x_wconf 86' lang='lat' dir='ltr'>acensis</span> <span class='ocrx_word' id='word_1_275' title='bbox 2039 3054 2084 3091; x_wconf 92' lang='lat' dir='ltr'>C.</span> 
     </span>
    </p>
   </div>
  </div>
 </body>
</html>
