2242 3551
438 998 478 1029 10

438 1361 477 1391 15

436 1725 478 1756 20

507 213 560 252 74
849 223 1124 251 SCRIPTORES
1158 222 1383 251 HISTORIAE
1416 222 1592 250 DANICAE
1624 222 1822 250 MINORES

508 338 717 390 Syeberg,
766 336 886 376 venit
934 337 990 376 ad
1039 350 1142 376 eum
1191 337 1380 389 quidam
1426 336 1697 387 sagittarius
1745 335 1981 386 confitens,
2029 338 2151 390 quod

506 414 595 449 tres
629 409 767 449 simul
801 409 983 449 stabant
1014 409 1376 460 confabulantes,
1424 409 1645 462 quidnam
1686 408 1876 461 quilibet
1914 422 2073 449 eorum
2106 409 2152 448 in

507 482 689 521 ciuitate
715 481 988 522 Slesuicensi
1013 481 1252 534 rapuisset,
1286 486 1327 521 et
1357 481 1524 521 tercius
1557 493 1715 520 eorum
1749 480 1939 521 omnino
1972 481 2153 532 negauit

507 567 552 594 se
584 554 757 608 aliquid
790 554 1022 605 habuisse,
1072 566 1176 593 cum
1219 558 1369 593 tamen
1411 554 1609 606 plurima
1643 566 1747 592 eum
1781 553 1986 605 rapuisse
2018 553 2153 594 veris-

509 626 622 667 sime
663 626 751 666 illis
793 630 1037 672 constaret;
1084 626 1157 666 ille
1199 630 1396 666 extracto
1441 625 1628 679 proprio
1668 625 1850 665 cultello
1889 626 2001 665 dixit
2047 638 2151 665 cum

504 699 784 739 iuramento:
823 699 1083 739 »Inficiatus
1118 699 1173 738 sit
1204 699 1285 739 iste
1319 699 1528 739 cultellus
1561 702 1602 737 et
1633 697 1801 749 gutturi
1836 711 1936 738 meo
1969 697 2152 748 infixus,

506 771 542 811 si
590 771 698 824 quid
746 771 791 811 in
839 771 1021 811 ciuitate
1069 771 1343 812 Slesuicensi
1397 784 1476 823 per
1531 770 1729 823 spolium
1777 770 2052 824 acquisitu«,
2112 775 2153 810 et

506 844 657 884 statim
711 845 903 884 ducente
958 843 1119 896 spiritu
1173 844 1339 895 gutturi
1399 843 1584 896 proprio
1633 842 1866 882 cultellum
1914 843 2150 895 proprium

506 916 663 956 infixit.
683 913 884 970 ll(f01.75‘').
934 917 1061 956 Vnde
1094 916 1358 969 perterritus
1390 915 1621 968 predictus
1654 914 1912 966 sagittarius
1944 915 2153 967 promisit

505 989 739 1029 restituere
786 989 961 1040 omnia,
1009 1001 1096 1041 que
1144 989 1239 1041 ipse
1285 988 1457 1041 rapuit,
1515 992 1555 1028 et
1602 1000 1734 1027 cruce
1782 987 1985 1039 signatus
2033 1001 2153 1040 pere-

506 1062 792 1114 grinantibus
833 1061 879 1100 in
915 1061 1150 1101 Prusciam
1183 1061 1428 1101 adiunctus
1462 1064 1540 1111 est,
1588 1064 1629 1100 et
1670 1060 1856 1112 insuper
1893 1060 2152 1100 iuramento

505 1135 711 1174 adhibito
744 1133 955 1187 promisit
986 1134 1032 1173 in
1066 1146 1207 1173 manu
1241 1133 1458 1187 episcopi,
1506 1133 1626 1186 quod
1668 1145 1908 1186 nunquam
1943 1133 2151 1184 sagittam

506 1211 662 1247 contra
696 1206 998 1246 christianum
1031 1205 1231 1258 aliquem
1265 1205 1459 1246 mitteret
1482 1205 1529 1245 in
1554 1205 1774 1245 futurum.
1824 1205 1945 1255 Quid
1971 1208 2153 1245 moror‘?

505 1284 550 1319 vt
582 1279 789 1319 auditum
819 1283 884 1318 est
908 1291 932 1318 a
958 1279 1165 1331 personis
1190 1278 1444 1330 fidefflgnis,
1477 1291 1561 1319 xlx,
1589 1278 1813 1331 predones
1839 1281 2153 1331 numerantur,

505 1353 583 1406 qui
615 1351 879 1404 resipiscere
913 1352 1118 1391 nolentes
1152 1350 1240 1390 iam
1277 1355 1421 1391 morte
1453 1350 1718 1403 turpissima
1752 1350 1995 1402 perierunt.
2060 1351 2154 1390 Hec

505 1429 657 1464 autem
706 1424 927 1463 miracula
974 1423 1091 1463 facta
1141 1427 1245 1463 sunt
1299 1423 1345 1462 in
1393 1423 1582 1463 ecclesia
1631 1423 1750 1462 beati
1800 1422 1918 1462 Petri
1965 1423 2152 1474 Slesuig,

505 1496 831 1550 aspicientibus
872 1496 978 1536 viris
1019 1495 1225 1535 discretis
1267 1500 1308 1536 et
1353 1496 1607 1548 fidedignis.
1671 1496 1721 1535 In
1763 1495 1893 1535 cuius
1932 1495 1995 1535 rei
2035 1495 2152 1535 testi·

505 1570 713 1610 monium
748 1569 908 1619 littera,
953 1568 998 1608 in
1033 1581 1122 1622 qua
1156 1569 1241 1608 hec
1273 1569 1638 1620 continebantur,
1681 1568 1857 1608 munita
1892 1568 1975 1607 suit
2007 1568 2152 1620 sigillo

505 1642 680 1682 domini
708 1641 909 1694 episcopi
936 1641 1234 1681 Slesuicensis
1266 1645 1308 1681 et
1339 1641 1526 1694 capituli
1560 1641 1764 1681 eiusdem
1798 1640 2009 1681 ciuitatis.
2059 1641 2154 1681 Hec

506 1715 623 1754 facta
672 1718 776 1754 sunt
823 1718 926 1753 ante
972 1713 1137 1753 festum
1186 1713 1408 1754 Omnium
1458 1714 1749 1764 Sanctorum,
1807 1713 1878 1753 die
1933 1716 1974 1752 et
2029 1726 2152 1753 anno

506 1787 695 1838 domini,
731 1790 773 1825 vt
807 1799 956 1839 supra.

592 1916 627 1951 3.
648 1916 855 1962 rapuisset
872 1915 919 1952 Ο.
973 1916 1007 1951 6.
1034 1916 1257 1960 inficiatus,
1282 1915 1302 1951 i.
1322 1926 1350 1951 e.
1374 1926 1535 1951 veneno
1560 1915 1750 1951 infectus.
1811 1916 1872 1951 10.
1898 1911 2077 1962 &gual19
2099 1915 2153 1959 O,

506 1973 921 2020 peregrinacionibus
955 1974 1060 2008 male
1088 1972 1312 2019 Lanqebelc.
1377 1974 1438 2009 17.
1472 1969 1664 2019 aspicieb9
1693 1973 1739 2008 Ο.
