2242 3551
527 223 630 251 VITA
663 223 863 252 GVNNERI
898 223 1101 251 Emscom
1135 221 1431 251 VIBERGENSIS
1727 214 1806 254 267

148 337 285 392 capiti
332 337 512 378 abbatis
558 336 794 390 imposuit.
887 337 1037 388 Quem
1092 350 1117 377 a
1165 351 1212 378 se
1259 337 1404 378 abbas
1451 350 1557 379 cum
1607 339 1809 380 maxima

148 410 471 463 indignacione
512 409 718 463 proiecit,
765 409 924 450 dicens
967 423 1013 450 se
1053 409 1239 450 solitum
1274 423 1367 451 non
1402 424 1500 452 esse
1533 424 1640 451 cum
1674 412 1811 465 pilleo

149 483 364 538 equitare.
429 483 512 524 Cui
551 482 783 534 Wibergis
823 482 1025 523 venienti
1066 496 1292 536 campane
1337 496 1499 524 omnes
1541 489 1812 537 sonuerunt,

148 561 189 598 et
227 556 475 597 cardinalis
518 568 625 596 cum
664 554 902 596 canonicis
943 568 996 595 ac
1036 555 1157 596 clero
1198 556 1344 597 multo
1386 560 1426 596 et
1470 557 1657 610 populo,
1706 570 1810 598 cum

148 629 441 684 processione
466 642 572 670 eum
596 628 852 669 honorifice
876 627 1193 681 suscipientes,
1227 641 1364 668 suum
1388 633 1565 682 patrem
1589 630 1811 672 canonice

149 702 436 744 constituunt
467 706 509 742 et
540 705 787 755 pastorem.

234 776 288 816 II.
352 775 495 828 Igitur
527 787 633 815 cum
668 774 843 816 dictum
877 774 934 815 sit
965 774 1024 814 ab
1056 773 1273 827 antiquis,
1313 776 1437 829 quod
1471 776 1672 817 honores
1706 791 1811 831 sepe

147 850 295 890 solent
325 861 477 889 mores
510 852 703 900 mutare,
749 847 824 888 hic
865 847 993 901 prius
1036 851 1224 888 sanctus
1266 852 1308 887 et
1347 848 1574 901 perfectus
1608 851 1719 891 dum
1753 851 1811 891 ab

147 921 365 964 omnibus
407 921 698 974 audiebatur,
745 921 917 961 electus
959 925 1001 961 et
1047 920 1293 974 episcopus
1338 921 1486 962 factus
1529 922 1732 963 sanctior
1772 927 1813 963 et

147 994 388 1049 perfectior
434 993 699 1035 mutacione
745 995 928 1035 dextere
976 993 1143 1034 excelsi
1190 993 1309 1046 cepit
1355 993 1560 1047 existere,
1609 995 1706 1036 siue
1754 997 1809 1036 ad

147 1069 286 1109 deum
320 1068 417 1108 siue
450 1068 508 1108 ad
542 1067 808 1121 proximum
851 1071 893 1108 et
931 1067 1153 1108 seculum.
1218 1067 1287 1107 Ad
1328 1068 1467 1107 deum
1508 1081 1710 1123 namque
1751 1069 1810 1110 ita

148 1154 194 1182 se
232 1140 408 1192 habuit,
454 1144 502 1182 vt
542 1139 753 1181 ordinem
795 1139 1107 1181 monasticum
1147 1143 1190 1180 et
1227 1140 1455 1192 habitum,
1503 1154 1639 1195 quem
1683 1142 1812 1195 prius

146 1215 261 1255 bene
304 1213 521 1266 seruauit,
568 1214 870 1266 postmodum
918 1226 1001 1266 pro
1049 1226 1184 1266 posse
1225 1226 1309 1253 suo
1348 1213 1586 1254 ardentius
1630 1228 1812 1256 seruare

146 1301 239 1329 non
280 1286 447 1328 omisit.
512 1286 631 1327 Nam
671 1286 728 1326 ad
773 1290 1026 1327 nocturnas
1074 1290 1115 1326 et
1162 1285 1354 1326 diurnas
1401 1287 1540 1327 horas
1584 1286 1631 1327 in
1670 1288 1811 1329 domo

146 1373 339 1401 manens
372 1371 520 1412 genua
553 1359 716 1412 iugiter
749 1360 1006 1399 secundum
1041 1359 1248 1400 debitum
1278 1359 1349 1399 sui
1377 1359 1552 1400 ordinis
1578 1360 1810 1411 flectebat,

146 1436 271 1489 quod
319 1438 361 1475 et
407 1420 499 1489 <ἰη>
549 1433 799 1487 equitando
838 1433 957 1486 fecit,
1006 1435 1061 1474 de
1108 1447 1228 1487 equo
1275 1434 1575 1486 descendens,
1623 1437 1811 1489 quando

146 1507 295 1562 potuit
336 1511 522 1561 propter
559 1507 764 1560 hospites
805 1520 962 1547 secum
1004 1507 1274 1561 equitantes.
1346 1507 1499 1548 Nichil
1541 1508 1717 1549 dimisit
1755 1510 1811 1550 de

145 1594 289 1635 penso
308 1580 542 1621 seruitutis
561 1593 742 1634 semper
759 1581 1007 1632 cantando,
1030 1578 1119 1619 nisi
1142 1582 1285 1632 cpater
1307 1584 1471 1621 noster'
1497 1580 1543 1621 in
1567 1581 1810 1622 audiencia

147 1654 358 1695 omnium
391 1658 434 1695 et
465 1653 771 1706 ewangelium
804 1657 908 1707 post
935 1657 995 1693 ‘te
1028 1652 1178 1693 deum‘
1219 1653 1472 1707 aliquando
1506 1654 1626 1695 circa
1659 1668 1810 1696 senec-

109 1775 112 1777 ,
145 1731 290 1768 tutem
323 1740 457 1767 suam
490 1730 533 1767 et
561 1726 771 1767 ‘alleluia'
804 1726 851 1766 in
885 1739 982 1767 Lxx.
1017 1739 1122 1766 cum
1157 1739 1235 1766 sex
1258 1726 1592 1780 posterioribus
1618 1728 1811 1781 psalmis

148 1801 205 1841 ad
237 1805 490 1841 nocturnos
524 1803 566 1840 et
595 1799 687 1840 illis
719 1799 967 1841 dominicis
1000 1800 1165 1842 diebus
1191 1800 1401 1841 ‘alleluia'
1425 1802 1482 1841 ad
1506 1801 1657 1842 horas.
1708 1802 1810 1855 Ipse

147 1877 302 1914 autem
343 1877 447 1913 ante
489 1873 808 1926 episcopatum
848 1870 860 1927 Η
900 1873 946 1913 in
988 1874 1149 1915 ordine
1191 1878 1341 1927 preter
1378 1887 1473 1914 xl111
1521 1887 1669 1915 annos
1715 1888 1807 1915 non

146 1947 323 1987 habens
355 1946 644 1999 temporibus
676 1950 718 1987 et
750 1947 914 1987 diebus
947 1947 1041 1988 suis
1073 1947 1135 1988 ita
1169 1948 1286 1988 bene
1318 1960 1427 1988 vsus
1461 1951 1540 1999 est,
1584 1951 1630 1988 vt
1661 1952 1809 1988 totum

147 2023 334 2061 cantum
374 2032 511 2059 suum
555 2019 690 2060 sciuit
728 2021 1002 2061 cordetenus
1043 2025 1085 2061 et
1127 2021 1340 2061 collectas
1374 2032 1428 2060 ac
1459 2020 1674 2073 capitula,
1722 2034 1811 2074 que

147 2105 328 2146 semper
358 2092 457 2146 ipse
489 2092 671 2133 dicebat
699 2092 747 2133 in
773 2094 1006 2134 manendo
1033 2093 1131 2134 siue
1157 2093 1421 2148 equitando.
1472 2093 1809 2134 Duodecimam

146 2165 389 2207 lectionem
437 2165 534 2219 ipse
581 2178 764 2219 semper
810 2165 915 2217 legit
962 2170 1003 2207 et
1052 2179 1235 2208 versum
1279 2170 1548 2220 sequentem
1591 2156 1808 2207 cantauit.

237 2350 270 2385 1.
310 2345 377 2385 ssse
417 2345 463 2385 ssa
506 2345 660 2385 ssabbas
703 2349 737 2386 C
784 2349 933 2386 additis
974 2350 1304 2396 transpositionis
1342 2350 1471 2397 siqnis
1517 2350 1664 2394 (abbas
1706 2362 1727 2385 a
1766 2361 1810 2386 se

146 2405 387 2453 Lanqebelo.
465 2408 501 2443 6.
539 2409 634 2453 post
668 2410 882 2454 pastorem
924 2407 1006 2443 alia
1050 2407 1224 2453 fortasse
1270 2419 1432 2453 manns,
1479 2408 1549 2444 sed
1585 2410 1688 2446 certe
1726 2419 1809 2443 non

148 2465 275 2500 multo
307 2464 515 2510 recentior,
549 2464 635 2500 Iiaee
668 2464 787 2501 verba
819 2464 990 2511 scripsit,
1024 2464 1098 2500 snb
1130 2465 1277 2511 quibus
1306 2465 1431 2501 rubra
1455 2465 1573 2501 ducta
1600 2468 1657 2501 est
1684 2465 1807 2502 linea:

149 2522 207 2558 De
248 2522 583 2558 conuersacione
622 2533 697 2558 sua
738 2525 777 2559 et
818 2523 1009 2558 moribus
1049 2526 1088 2559 et
1126 2523 1208 2559 fine
1247 2523 1349 2560 eius
1390 2523 1622 2569 capitulum
1666 2533 1808 2569 xxnm,

149 2579 292 2615 ultima
340 2579 459 2616 verba
506 2590 585 2626 quo
631 2581 824 2626 spectent,
881 2579 1035 2626 nescio,
1095 2580 1240 2616 deinde
1285 2591 1442 2616 nouum
1491 2580 1634 2627 incipit
1677 2583 1808 2627 caput.

150 2637 183 2673 8.
220 2635 306 2673 siffis
337 2635 377 2685 (i.
409 2648 437 2674 e.
470 2635 659 2685 sanctus)
690 2637 743 2684 C;
790 2637 923 2674 lectus
956 2638 1062 2673 male
1092 2637 1321 2684 Lanyebelc.
1398 2638 1457 2674 10.
1492 2638 1669 2674 mutatio
1702 2638 1806 2674 dext.

148 2693 321 2730 excelsi:
368 2694 519 2731 Psalm.
556 2694 619 2740 76,
640 2695 701 2731 11.
767 2696 830 2732 13.
865 2706 1024 2742 „pposse
1055 2695 1305 2731 coniunctim
1338 2695 1384 2740 C,
1418 2696 1509 2731 item
1545 2695 1711 2731 17—18
1741 2696 1808 2731 de-

149 2762 293 2798 penso,
339 2752 632 2796 25‘11nan5d0‚
678 2755 715 2788 et
751 2752 833 2788 alia
865 2752 1030 2788 similia.
1110 2754 1171 2788 14.
1211 2756 1251 2789 et
1281 2764 1310 2788 s.
1344 2764 1376 2788 υ.
1409 2753 1501 2788 add.
1535 2752 1579 2789 C.
1660 2753 1721 2788 16.
1764 2754 1805 2789 in

148 2808 300 2845 addidi.
377 2810 441 2846 20.
474 2807 565 2845 lxx&
598 2809 643 2855 C,
687 2809 780 2855 fort.
809 2821 886 2856 pro
918 2810 1024 2855 lxx³3
1069 2809 1201 2845 scriba
1235 2810 1438 2845 interdum
1470 2810 1805 2856 compendiorum

148 2866 262 2912 stylis
296 2877 448 2913 parum
489 2870 591 2903 recte
624 2878 719 2903 usus
751 2869 818 2903 est.
907 2869 1000 2913 post
1038 2867 1212 2914 psalmis
1254 2867 1478 2903 desiderari
1518 2867 1676 2903 videtur
1711 2878 1807 2903 con-

148 2923 338 2960 iunctum
380 2925 439 2960 vel
475 2924 636 2960 cantari
677 2924 867 2972 solitum3
916 2935 1014 2960 nam
1058 2925 1242 2971 psalmos
1283 2927 1385 2960 certe
1424 2935 1508 2960 non
1550 2924 1696 2970 omisit,
1739 2925 1808 2961 sect

151 2983 309 3017 tantum
333 2981 507 3018 alleluia.
571 2982 635 3018 21.
666 2982 749 3018 illis
775 2982 885 3018 dom.
911 2982 1075 3018 diebus:
1110 2981 1400 3028 siynisicantur
1420 2981 1526 3018 dom.
1545 2982 1806 3027 Seaeayesima

150 3040 186 3073 et
205 3037 565 3086 Quinquayesima,
600 3049 689 3086 quoe
705 3031 1055 3086 Septuaqesimam
1082 3041 1316 3086 sequuntur.
1406 3039 1499 3074 all'a
1523 3050 1553 3075 s.
1583 3050 1615 3075 υ.
1642 3039 1735 3076 add.
1761 3039 1805 3075 C.

1840 1004 1880 1034 10

1840 1370 1880 1401 15

1837 1738 1879 1768 20

1837 1889 1862 1919 F
1866 1890 1911 1921 ol.
1926 1885 1998 1920 46‘2

1836 2106 1879 2137 25
