2242 3551
400 973 440 1003 10

400 1745 443 1776 20

288 2257 360 2289 Fol.
376 2253 444 2288 33¹ss

403 2475 444 2505 30

466 188 547 228 222
808 195 1085 225 SCRIPTORES
1119 193 1346 223 HlsromAE
1379 193 1557 222 DANICAE
1589 191 1789 222 MlNoREs

469 313 609 353 Dacia
658 310 988 364 Cysterciensis
1036 308 1233 360 ordinis,
1289 308 1483 349 salutem
1531 311 1574 348 et
1620 307 1821 348 caritatis
1869 307 2124 349 uisceribus

467 385 752 425 habundare.
803 382 1027 423 Nouerint
1053 381 1258 422 uniuersi
1284 385 1327 422 et
1349 381 1530 433 singuli,
1564 381 1687 434 quod
1714 393 1798 421 nos
1825 380 2125 433 personaliter

467 463 508 499 et
548 460 780 511 presentes
819 456 1040 496 affuimus
1083 467 1221 508 super
1260 453 1591 506 controuersia,
1639 466 1727 507 que
1774 453 1967 494 uertitur
2007 453 2125 494 inter

467 531 708 571 dominum
730 529 990 579 Tukonem,
1022 527 1320 568 Arusiensem
1345 527 1631 580 episcopum,
1664 531 1705 567 et
1737 527 1931 567 domum
1951 526 2125 579 Cyster-

466 603 633 645 ciensis
665 601 854 653 ordinis,
902 614 990 654 que
1029 604 1223 641 uocatur
1256 599 1371 641 Cara
1406 600 1576 652 Insula,
1622 599 1671 639 in
1703 599 1907 652 predicta
1939 600 2125 653 dyocesi

467 676 728 727 constituta,
773 675 898 728 quod
931 673 1049 714 dicte
1081 674 1250 714 domus
1283 673 1501 713 dominus
1534 672 1678 713 abbas
1714 672 1775 713 .Β.
1810 685 1948 725 super
1979 673 2124 713 ineui-

467 749 595 791 tabili
627 753 669 790 et
700 752 888 800 urgente
920 747 1088 787 domus
1122 759 1202 787 sue
1234 745 1504 786 necessitate
1531 745 1802 799 compulsus
1828 749 1908 797 est,
1940 758 2125 798 presen-

466 823 589 864 tibus
622 820 891 862 melioribus
919 820 1045 872 regni
1065 819 1219 870 Dacie,
1253 831 1452 872 quorum
1485 817 1677 859 nomina
1710 821 1818 858 sunt
1850 818 2124 871 subscripta,

467 897 525 937 ab
579 895 821 936 audiencia
878 892 986 933 dicti
1043 891 1222 932 domini
1273 891 1536 932 Arusiensis
1590 892 1646 931 ad
1702 894 1911 932 sanctam
1968 891 2123 932 sedem

468 968 771 1023 apostolicam
814 966 1059 1020 appellare.
1123 964 1266 1005 Cuius
1298 964 1569 1017 appellacio,
1617 964 1735 1004 sicut
1773 963 2043 1004 audiuimus
2085 968 2126 1004 et

468 1041 769 1095 inspeximus,
803 1043 897 1079 erat
931 1038 1017 1078 sub
1049 1038 1138 1078 hac
1169 1037 1338 1078 forma:

559 1125 657 1203 »In
689 1158 878 1199 nomine
912 1162 1067 1198 sancte
1100 1162 1141 1197 et
1174 1157 1414 1197 indiuidue
1446 1156 1675 1208 trinitatis,
1721 1157 1863 1209 patris
1896 1161 1936 1197 et
1969 1156 2048 1209 filij
2084 1160 2125 1196 et

468 1234 656 1288 spiritus
689 1231 849 1282 sancti,
882 1243 1031 1271 amen.
1079 1231 1115 1269 A
1149 1229 1297 1281 nobis,
1330 1230 1579 1270 reuerende
1612 1232 1739 1282 pater
1771 1229 1959 1270 domine
1978 1229 2125 1281 Tuko,

469 1307 729 1348 Arusiensis
764 1304 991 1357 episcope,
1033 1303 1128 1354 Ego
1161 1302 1297 1342 frater
1331 1303 1409 1355 .B.,
1453 1301 1601 1342 dictus
1634 1301 1779 1342 abbas
1812 1302 1925 1343 Care
1960 1302 2126 1349 Insule,

470 1382 573 1421 licet
617 1380 849 1431 indignus,
899 1377 1107 1417 senciens
1156 1388 1227 1415 me
1275 1378 1317 1415 et
1362 1374 1696 1415 monasterium
1746 1387 1900 1415 meum
1944 1379 1985 1415 61
2024 1387 2127 1415 6011-

470 1454 661 1490 11611111111
703 1462 858 1490 meum
899 1463 923 1489 a
973 1449 1107 1489 uobis
1149 1447 1350 1489 indebite
1388 1448 1650 1500 aggrauari:
1700 1472 1753 1475 —
1796 1461 1859 1488 ex
1902 1460 1962 1488 eo
2003 1448 2127 1500 quod

470 1522 831 1575 procurationes,
863 1521 1116 1562 uisitationi
1150 1534 1369 1573 annexas,
1406 1521 1583 1561 ratione
1621 1522 1916 1574 quarundam
1953 1533 2128 1574 posses-

470 1595 669 1647 sionum,
702 1599 859 1635 nostro
884 1594 1165 1635 monasterio
1190 1594 1235 1633 in
1256 1594 1450 1647 Dyursae
1474 1606 1499 1633 a
1526 1593 1780 1634 uenerabili
1807 1594 2128 1648 predecessore

471 1672 624 1709 uestro
650 1668 840 1708 domino
860 1668 1073 1708 Suenone
1099 1667 1385 1717 collatarum,
1419 1666 1571 1706 30111111
1595 1667 1654 1707 ob
1684 1666 1940 1707 remedium
1974 1666 2128 1706 anime

471 1754 551 1781 sue
598 1745 640 1781 et
686 1741 775 1781 hoc
816 1754 927 1793 pure
975 1745 1016 1780 et
1062 1740 1258 1793 perfecte
1306 1743 1348 1779 et
1395 1739 1492 1779 sine
1540 1740 1704 1792 quauis
1753 1739 2040 1790 condicione,
2088 1742 2129 1778 et

471 1814 734 1854 nullatenus
767 1813 853 1853 sibi
887 1813 1077 1863 debitas,
1127 1825 1230 1852 cum
1274 1825 1298 1852 a
1341 1812 1475 1852 uobis
1519 1813 1774 1852 secundum
1817 1812 1887 1852 ius
1932 1811 2128 1865 speciale

470 1887 604 1926 nobis
645 1900 669 1926 a
710 1887 815 1926 sede
858 1886 1110 1938 apostolica
1145 1885 1402 1938 specialiter
1440 1885 1673 1925 indultum
1718 1884 1893 1925 uisitari
1937 1884 2128 1924 minime

470 1964 723 2011 teneamur,
768 1964 810 1999 et
848 1959 938 1999 alia
972 1958 1166 1999 seruicia
1200 1962 1241 1998 et
1274 1958 1516 1998 seruitutes
1550 1957 1752 1998 indebita
1787 1971 1867 1998 seu
1899 1957 2128 1997 indebitas

471 2036 627 2072 contra
669 2032 740 2072 ius
780 2031 1036 2085 predictum
1086 2030 1221 2071 1101113
1261 2031 1482 2084 inponere
1530 2035 1569 2070 61
1618 2034 1775 2070 contra
1824 2030 2052 2070 iusticiam
2102 2043 2125 2070 a

401 2116 408 2126 ⁴
470 2105 604 2144 nobis
652 2104 853 2144 nitimini
901 2110 1193 2158 extorquere,
1255 2103 1479 2144 familiam
1538 2104 1673 2144 etiam
1731 2107 1937 2143 nostram
1990 2102 2127 2155 tallijs

470 2177 685 2217 indebitis
741 2182 782 2218 61
836 2177 1152 2218 exactionibus
1208 2176 1474 2221 molestare2
1537 2190 1598 2217 ex
1655 2189 1715 2216 eo
1763 2176 1928 2216 etiam
1989 2176 2127 2228 quod,

473 2249 788 2302 appellacione
826 2251 883 2290 ab
924 2249 1165 2290 audiencia
1206 2253 1357 2289 uestra
1404 2250 1461 2290 ad
1507 2251 1661 2290 sedem
1710 2249 2012 2301 apostolicam
2051 2246 2063 2301 Η
2102 2261 2125 2288 3

472 2322 606 2362 nobis
660 2322 858 2374 legitime
913 2322 1079 2363 emissa
1135 2326 1177 2363 et
1223 2322 1298 2362 illa
1345 2323 1499 2363 adhuc
1546 2323 1773 2375 pendente
1830 2334 1934 2362 611111
1985 2321 2126 2361 nichil

471 2395 686 2435 innouari
733 2395 904 2448 debuit,
952 2395 1069 2436 ostia
1111 2395 1278 2435 domus
1319 2398 1473 2435 nostre
1522 2394 1637 2435 infra
1686 2399 1810 2448 septa
1861 2393 2123 2446 monasterij

472 2467 615 2507 nostri
648 2468 892 2508 constitute
926 2469 1150 2508 uiolenter
1183 2466 1484 2519 confregistis,
1531 2481 1615 2508 nec
1653 2481 1744 2508 non
1780 2471 1821 2507 et
1853 2467 1970 2507 infra
2004 2466 2124 2506 diem

473 2540 705 2593 colloquii,
752 2554 776 2581 a
825 2541 1016 2581 domino
1058 2540 1123 2581 .N.
1166 2539 1453 2591 wibergensi
1497 2539 1727 2593 episcopo,
1776 2539 1964 2580 illustris
2010 2540 2126 2591 regis

476 2613 712 2653 Danorum
762 2613 1055 2664 cancellario,
1110 2617 1150 2653 et
1205 2612 1486 2665 quibusdam
1535 2612 1636 2665 alijs
1684 2612 1953 2653 melioribus
2001 2612 2125 2664 regni

474 2698 610 2738 super
664 2685 791 2738 pacis
845 2686 1092 2726 concordia
1146 2685 1262 2725 inter
1318 2697 1401 2725 nos
1447 2685 1742 2725 reformanda
1790 2689 2023 2738 acceptam
2074 2696 2128 2724 ac

412 2769 418 2772 ⁷
474 2757 656 2810 initam,
708 2758 934 2798 familiam
989 2750 1194 2798 nos'tram
1250 2757 1307 2797 ad
1354 2757 1641 2810 presenciam
1690 2761 1890 2798 uestram
1939 2757 2126 2805 citastis,

404 2839 446 2870 35

473 2830 771 2870 interdixistis
818 2834 860 2871 et
897 2830 1141 2884 pecuniam
1182 2830 1240 2870 ab
1288 2842 1337 2869 ea
1379 2829 1652 2880 extorsistis,
1700 2843 1803 2882 pro
1850 2842 1910 2869 eo
1959 2830 2125 2869 etiam

474 2903 612 2955 quod,
660 2903 882 2955 premissa
926 2907 966 2943 61
1008 2903 1234 2955 pendente
1272 2901 1603 2954 appellacione,
1650 2914 1723 2941 me
1761 2902 1977 2942 abbatem
2018 2901 2125 2941 dicti

564 3028 595 3063 1.
620 3029 780 3063 viscera
804 3028 990 3063 caritatis
1014 3028 1089 3071 (vel
1112 3024 1439 3075 misericordiae),
1472 3026 1542 3072 cfr.
1564 3026 1660 3062 Luc.
1683 3025 1716 3071 1,
1729 3026 1795 3069 78,·
1833 3026 1979 3062 Coloss.
2001 3026 2037 3072 3,
2054 3026 2128 3071 12,-

476 3083 648 3130 Philipp.
684 3085 833 3130 1,8sq.
913 3086 973 3120 21.
1016 3086 1093 3120 sibi
1137 3084 1278 3122 eodm-2
1326 3084 1393 3119 secl
1441 3084 1562 3119 uobis
1603 3084 1723 3120 scribi
1762 3082 1905 3119 debuit.
1984 3084 2045 3119 36.
2089 3088 2126 3119 61

476 3140 610 3176 abesse
642 3141 785 3178 debuit.
