2242 3551
452 223 554 252 v1TA
589 224 787 253 GVNNERt
822 225 1026 253 Emscom
1060 225 1357 254 VIBERGENSIS
1650 219 1733 257 265

211 884 365 931 VITA
405 882 714 929 GVNNERI
756 883 1075 930 EPISCOPI
1116 883 1594 931 VIBERGENSIS.

169 1058 198 1098 Ι.
264 1021 409 1102 Cum
450 1060 605 1098 autem
650 1057 706 1097 de
743 1057 951 1110 dompno
994 1057 1266 1108 Gunnero,
1314 1060 1424 1097 tunc
1469 1051 1635 1098 abbate
1682 1058 1727 1098 in
1757 1064 1916 1099 Fol.45‘.

79 1131 189 1173 Cara
229 1131 397 1182 Insula,
440 1129 622 1171 mencio
663 1129 757 1170 iam
795 1130 1005 1180 habetur,
1054 1133 1096 1170 et
1134 1130 1232 1182 ipse
1273 1129 1428 1170 nobile
1468 1130 1731 1171 membrum

78 1204 161 1245 fuit
181 1204 323 1244 nostri
353 1202 544 1255 ordinis,
576 1216 668 1243 non
704 1216 896 1257 possum
930 1203 1209 1257 pertransire
1242 1215 1348 1242 cum
1384 1202 1588 1255 silencio,
1621 1204 1733 1258 quin

78 1276 226 1331 aliqua
259 1277 315 1317 de
347 1289 400 1317 eo
434 1275 635 1317 breuiter
666 1276 819 1317 dicam
852 1277 1012 1317 audire
1044 1275 1326 1325 volentibus3
1363 1276 1486 1331 quia,
1520 1276 1557 1316 si
1589 1276 1732 1330 aliqui

77 1350 131 1391 de
161 1349 319 1391 ordine
351 1353 510 1390 nostro
542 1350 806 1403 exemplum
840 1349 930 1390 vite
963 1362 1043 1389 sue
1077 1352 1119 1389 et
1149 1348 1348 1389 formam
1382 1349 1574 1390 fortasse
1602 1350 1731 1404 sequi
1758 1359 1777 1389 5

77 1422 313 1474 voluerint,
360 1422 451 1463 illis
490 1426 639 1476 potest
676 1422 775 1463 fieri
817 1423 874 1463 ad
908 1423 1110 1463 salutem
1151 1422 1306 1462 anime
1348 1426 1389 1464 et
1420 1422 1477 1462 ad
1511 1422 1601 1463 vite
1633 1435 1733 1476 pro-

77 1495 241 1536 fectum
274 1499 317 1537 et
346 1496 587 1537 honorem.

161 1568 262 1622 Ipse
307 1582 415 1610 vero
458 1568 566 1624 quia
604 1582 743 1623 super
783 1581 931 1623 pauca
969 1568 1093 1609 illius
1135 1568 1322 1609 claustri
1370 1568 1441 1609 sui
1485 1568 1731 1609 attinencia

77 1641 221 1683 fidelis
266 1641 484 1683 inuentus
532 1646 599 1683 est
638 1645 680 1683 et
726 1642 964 1693 discretus,
1013 1655 1151 1696 super
1192 1642 1324 1695 plura
1366 1655 1470 1682 eum
1516 1641 1732 1683 constitui

77 1715 262 1769 dignum
304 1716 402 1757 fuit.
468 1717 576 1757 Post
614 1717 699 1758 hec
731 1719 863 1758 Anno
898 1716 1076 1758 domini
1109 1706 1318 1757 ,n‘i.c⁰c.x5{x.1‘'1.
1352 1716 1531 1769 eligitur
1562 1716 1610 1756 in
1643 1715 1732 1769 epi·
1760 1724 1802 1755 10

78 1801 264 1843 scopum
320 1789 648 1842 Vibergensem
701 1803 727 1835 a
783 1790 991 1844 dompno
1047 1790 1264 1842 Gregorio
1320 1789 1564 1841 cardinali,
1623 1793 1734 1829 tunc

77 1862 323 1915 apostolice
356 1863 475 1903 sedis
509 1863 669 1916 legato.
734 1864 812 1904 Ille
853 1863 976 1903 enim
1010 1863 1259 1904 cardinalis
1292 1863 1362 1905 ad,
1384 1874 1576 1915 regnum
1610 1861 1731 1902 istud

76 1934 273 1988 veniens,
305 1948 411 1976 cum
436 1937 493 1976 ad
513 1936 690 1977 Locum
711 1936 807 1989 Dei,
841 1936 1035 1977 domum
1059 1936 1235 1977 ordinis
1266 1935 1424 1987 nostri,
1457 1934 1732 1986 deuenisset,

78 2010 118 2047 et
169 2008 401 2062 dompnus
448 2009 704 2050 Torstanus
759 2009 1005 2063 episcopus
1052 2009 1341 2061 Vibergensis
1400 2008 1524 2049 viam
1580 2006 1731 2048 carnis

77 2080 284 2121 vniuerse
322 2081 416 2122 iam
458 2082 692 2134 ingressus
733 2082 908 2133 fuisset,
955 2081 1170 2136 quesiuit,
1218 2081 1255 2121 si
1301 2081 1404 2122 talis
1453 2080 1647 2122 clericus
1687 2080 1732 2120 in

160 2191 218 2227 De
248 2191 360 2228 foliis
393 2191 552 2228 codicis
586 2192 619 2228 C
653 2192 764 2229 hanc
795 2193 923 2228 vitam
956 2191 1273 2228 continentibus
1306 2191 1500 2227 videatur
1527 2202 1563 2237 p.
1587 2191 1678 2234 156,
1697 2190 1731 2226 6.

77 2247 228 2284 Auctor
273 2249 420 2296 scripti
466 2250 557 2286 sine
604 2249 734 2286 dubio
781 2250 874 2286 haec
919 2252 1122 2296 tanquam
1167 2249 1529 2285 continuationem
1571 2259 1732 2291 eornm,

76 2316 168 2351 quae
212 2307 408 2354 superius
456 2318 492 2354 p.
535 2308 626 2352 194,
656 2309 764 2344 1--7
813 2308 864 2343 de
911 2308 1111 2344 Gunnero
1159 2307 1269 2342 dicta
1316 2309 1426 2350 sunt,
1473 2304 1551 2351 legi
1599 2305 1734 2342 voluit

78 2359 165 2410 (cfr.
198 2363 304 2400 infra
339 2375 376 2411 p.
412 2363 681 2413 269,11sq.).

157 2420 203 2456 In
230 2421 263 2457 C
285 2422 399 2458 nulla
427 2422 636 2469 inscriptio
664 2422 787 2458 huius
820 2424 1016 2460 tractatus
1048 2424 1116 2468 est,
1150 2432 1222 2458 nee
1255 2422 1338 2457 nlla
1370 2420 1549 2467 capitum
1583 2420 1731 2456 diuisio

77 2477 154 2513 nisi
184 2478 339 2515 duobus
372 2479 479 2525 locis,
516 2478 586 2515 ubi
615 2491 683 2527 φ’
719 2490 760 2516 11.
796 2482 832 2515 e!
863 2490 920 2516 111.
952 2480 1096 2526 posui;
1139 2478 1371 2515 rubricator
1400 2477 1562 2524 quidem
1596 2477 1732 2513 multis

77 2533 169 2571 Iocis
209 2535 358 2573 litteras
398 2537 574 2573 maiores
608 2537 749 2584 pinxit
786 2540 858 2573 ant
887 2540 990 2574 certe
1021 2536 1147 2574 rubro
1178 2537 1311 2573 colore
1341 2536 1523 2582 aspersit,
1571 2535 1640 2571 sed
1678 2535 1734 2570 sie

77 2590 190 2629 initia
208 2594 472 2639 periodorum
498 2596 670 2640 tantum,
706 2605 788 2630 non
821 2595 1014 2641 capitum,
1047 2594 1241 2640 siynauit.
1291 2592 1428 2629 Multis
1452 2593 1559 2637 Iocis,
1594 2594 1730 2628 utrum

78 2658 99 2684 c
129 2660 181 2685 an
212 2654 228 2687 t
258 2651 389 2688 scriba
421 2662 593 2688 exarare
626 2652 805 2698 voluerit,
839 2653 1016 2688 discerni
1048 2652 1117 2688 vix
1141 2653 1279 2698 potest.
1305 2672 1360 2677 —
1387 2652 1421 2687 4.
1448 2661 1497 2687 eo
1524 2650 1570 2695 C,
1601 2659 1650 2685 esc
1672 2650 1731 2685 eis

76 2709 295 2744 correctum
326 2708 502 2758 (semper
531 2709 669 2745 eadem
702 2721 845 2760 manu,
880 2709 947 2746 ubi
969 2710 1079 2746 nihil
1101 2709 1216 2744 aliud
1240 2707 1408 2755 notaui).
1474 2709 1495 2743 8
1514 2717 1570 2752 sq.
1603 2718 1733 2753 super

77 2773 208 2809 pauca
246 2767 331 2803 eta:
377 2766 448 2812 cfr.
490 2765 628 2803 Matth.
670 2767 732 2812 25,
759 2767 820 2803 21.
914 2768 976 2803 10.
1024 2767 1117 2802 Post
1163 2767 1218 2809 C3
1264 2766 1334 2801 sed
1380 2766 1559 2812 Propter
1602 2761 1733 2812 (rppte)

78 2821 208 2867 aptius
239 2826 345 2860 esset.
432 2826 527 2870 post
556 2824 723 2870 eligitur
756 2825 797 2860 in
822 2824 857 2861 C
889 2824 1123 2860 omissionis
1148 2825 1245 2859 nola
1271 2825 1327 2859 est
1350 2824 1382 2867 †,
1415 2824 1452 2858 et
1476 2822 1516 2858 in
1544 2821 1733 2868 margine

77 2877 257 2916 additur:
295 2882 318 2926 †
349 2882 391 2917 in
423 2892 518 2928 epm
551 2878 716 2928 Viblrgfi.
782 2883 843 2919 14.
878 2882 1146 2928 Viborgensis
1180 2880 1218 2916 h.
1254 2881 1275 2916 I.
1309 2880 1354 2924 C,
1387 2879 1456 2915 sed
1487 2878 1732 2925 archetypus

76 2933 160 2971 sine
188 2936 310 2974 dubio
339 2949 417 2985 pro
448 2949 473 2975 o
507 2937 653 2985 ubique
684 2950 705 2975 e
737 2938 888 2975 habuit.
969 2939 1146 2975 14—15.
1180 2939 1290 2974 viam
1324 2937 1463 2973 carnis
1497 2937 1729 2972 uniuersae:

76 2990 186 3029 Iosue
208 3004 238 3031 c.
263 2993 327 3042 23,
348 2995 411 3041 14,
431 2996 483 3032 al.
549 2996 610 3032 15.
636 2996 731 3032 talis
755 2998 812 3032 est
835 2996 1041 3032 Danicum
1077 2996 1175 3032 »den
1211 3004 1262 3041 og
1294 2994 1415 3038 den«,
1446 2993 1728 3040 siynificatque

78 3058 165 3085 eum
195 3062 344 3089 nomen
365 3053 806 3099 Gunneripr0t11lisse;
840 3053 931 3089 item
955 3064 994 3099 p.
1020 3053 1111 3098 266,
1133 3053 1156 3088 9
1187 3051 1450 3098 similiterque
1482 3051 1522 3086 in
1549 3061 1635 3096 cap.
1652 3049 1732 3086 IIII

78 3108 252 3145 extremo
280 3108 434 3157 (taliter
466 3112 502 3147 et
532 3108 643 3158 talis)
674 3113 710 3146 et
740 3110 833 3146 aliis
865 3111 971 3147 Iocis.

1762 2089 1803 2120 15
