2242 3551
439 1251 478 1281 10

439 1615 478 1645 15

438 1978 479 2009 20

440 2404 482 2434 25

508 219 586 258 138
846 231 1120 260 sempronas
1154 231 1380 260 Hls‘romAE
1413 231 1588 259 DANICAE
1621 231 1819 260 MiNoREs

578 412 962 455 Narratiuncula
994 413 1056 453 de
1091 412 1402 455 Fundatione
1435 413 1726 467 Monasterij
1761 413 2084 456 Vitaescholae

1173 485 1221 526 in
1254 485 1491 528 Cimbria.

592 596 622 635 I.
675 559 931 643 Swercho‚
957 607 1036 634 rex
1054 593 1236 645 Swecie,
1262 598 1304 635 et
1320 594 1535 635 Wluildis
1561 595 1729 646 regina,
1755 595 1872 635 duos
1897 599 2153 636 conuentus

506 668 842 709 monachorum
882 666 1169 719 temporibus
1200 667 1322 707 beati
1356 667 1609 708 Bernhardi
1642 680 1696 707 ex
1728 667 1997 719 Claraualle,
2040 667 2153 708 eius-

505 742 609 781 dem
650 739 790 793 patris
830 738 1123 790 monasterio,
1171 743 1471 791 assumentes,
1520 741 1635 780 duas
1675 753 1726 781 ex
1770 739 1834 780 eis
1866 739 2075 780 abbatias
2105 740 2153 780 in

505 825 643 866 regno
691 812 860 853 Swecie
916 816 958 852 et
1004 812 1282 865 patrimonio
1330 798 1452 866 <suo>
1498 812 1830 863 fundauerunt,
1890 813 2153 853 Aluastrum

505 887 676 927 scilicet
722 889 764 925 et
810 886 1018 935 Lwdrhe.
1099 885 1363 925 Aluastrum
1410 887 1654 925 autumant
1697 885 1896 937 primam
1943 885 2153 926 omnium

505 959 796 1000 abbatiarum
827 962 921 998 tam
955 957 1001 997 in
1035 957 1206 998 Swecia
1240 970 1380 1011 quam
1421 957 1468 997 in
1502 957 1658 1009 Dacia,
1705 957 1933 1009 Noruegia
1974 970 2028 998 ac
2058 957 2154 997 Ale-

506 1032 673 1072 mania.
719 1031 1012 1072 Conuentum
1035 1043 1141 1070 vero
1166 1031 1359 1070 alterum
1383 1031 1439 1070 ad
1463 1030 1663 1070 insulam
1687 1031 1922 1083 quandam
1945 1042 2154 1083 paruam,

505 1117 593 1158 que
624 1108 815 1145 vocatur
848 1103 1057 1153 LWdrhe,
1104 1102 1340 1143 miserunt.
1404 1103 1514 1143 Inde
1556 1106 1812 1143 conuentus
1854 1102 1929 1142 ille
1971 1106 2155 1155 propter

506 1177 697 1217 nimiam
755 1189 886 1216 suam
942 1179 1257 1228 paupertatem
1314 1175 1368 1215 ad
1427 1177 1452 1225 †
1499 1175 1701 1215 insulam
1747 1175 2006 1228 quandam,
2067 1188 2155 1228 que

507 1250 734 1302 ngnhas
767 1249 947 1299 dicitur,
978 1247 1337 1300 transmigrauit.
1401 1246 1526 1300 [Inde
1558 1252 1815 1288 conuentus
1845 1247 1933 1299 ille]
1971 1247 2037 1287 De
2068 1248 2156 1288 hac

506 1323 634 1375 sylua
668 1335 748 1375 per
779 1322 1014 1376 quandam
1048 1320 1251 1361 nobilem
1284 1320 1505 1361 feminam
1536 1321 1593 1360 ad
1618 1319 1809 1360 diuitem
1833 1319 2045 1372 fundum,
2078 1320 2155 1374 qui

506 1395 759 1435 Warnhem
801 1394 980 1441 dicitur,
1027 1393 1276 1433 translatus
1319 1397 1406 1435 est:
1454 1397 1495 1433 et
1526 1393 1574 1432 in
1606 1392 1884 1433 hodiernum
1917 1392 2038 1433 diem
2072 1393 2157 1433 hec

506 1468 666 1508 eadem
707 1467 891 1507 abbatia
929 1466 1023 1506 filia
1063 1469 1129 1506 est
1159 1465 1359 1506 Aluastri
1391 1465 1668 1518 monasterij.
1735 1465 1868 1506 Breui
1909 1469 2011 1519 post
2049 1469 2158 1506 tem-

506 1553 615 1593 pore
660 1539 831 1580 femina
878 1539 954 1579 illa
1003 1538 1204 1591 Sigridh,
1260 1551 1349 1592 que
1403 1538 1616 1578 abbatem
1666 1537 1917 1578 Henricum
1973 1541 2015 1578 et
2060 1537 2158 1578 eius

506 1616 786 1653 conuentum
821 1612 1055 1652 Varnhem
1096 1612 1402 1662 transtulerat,
1450 1610 1643 1651 consilio
1685 1611 1928 1651 cuiusdam
1961 1609 2158 1663 potentis

506 1685 590 1725 viri
622 1685 871 1738 deprauata
905 1684 1119 1724 abbatem
1152 1684 1408 1737 predictum
1443 1687 1484 1723 et
1515 1683 1772 1723 monachos
1804 1682 1902 1723 eius
1934 1684 1989 1723 de
2017 1683 2157 1723 Varn-

506 1759 611 1798 hem
645 1758 828 1811 expulit.
879 1758 995 1798 Cum
1028 1743 1219 1811 <auie1n>
1253 1757 1405 1797 statim
1439 1757 1511 1797 dei
1543 1756 1716 1796 iudicio
1750 1756 1931 1809 plagam
1964 1756 2087 1809 lepre
2117 1760 2157 1796 et

506 1831 747 1871 oculorum
771 1830 1005 1871 cecitatem
1030 1829 1279 1881 incidisset,
1312 1830 1369 1870 ad
1392 1829 1692 1881 mitigandam
1719 1828 1806 1868 sibi
1829 1828 2158 1882 omnipotentis

506 1904 577 1944 dei
626 1903 741 1943 iram
781 1902 995 1943 abbatem
1040 1902 1286 1942 abeuntem
1334 1907 1375 1942 et
1420 1902 1674 1942 monachos
1721 1914 1800 1954 per
1847 1901 2155 1955 supplicantes

507 1976 702 2017 nuncios
734 1975 965 2015 reuocauit
998 1974 1153 2029 eisque
1186 1975 1433 2026 Varnhem,
1478 1987 1617 2028 quam
1651 1974 1913 2024 abstulerat,
1945 1973 2156 2024 reddidit,

506 2061 671 2101 rogans
713 2047 992 2101 suppliciter,
1040 2051 1087 2087 vt
1124 2061 1206 2101 pro
1246 2047 1555 2088 satisfactione
1596 2046 1769 2100 peccati
1809 2046 1879 2086 sui
1918 2060 2060 2100 vsque
2099 2047 2156 2087 ad

507 2122 646 2163 finem
694 2121 781 2161 vite
830 2133 909 2161 sue
956 2120 1159 2174 reliquijs
1208 2134 1363 2161 mense
1410 2120 1601 2160 fratrum
1649 2119 1855 2159 aleretur.
1933 2120 2068 2170 Quod
2116 2122 2157 2159 et

507 2194 715 2247 optinuit.

594 2324 648 2364 ΙΙ.
714 2325 820 2365 Post
852 2327 1046 2364 mortem
1079 2336 1185 2364 vero
1219 2323 1422 2374 Sigridis,
1454 2322 1725 2363 fundatricis
1752 2323 1999 2374 Varnhem,
2033 2321 2157 2362 Chri-

509 2397 627 2437 stina
667 2396 836 2448 regina,
884 2409 996 2436 vxor
1037 2395 1156 2435 Erici
1199 2395 1314 2447 regis
1349 2395 1531 2440 Swecie,
1580 2394 1921 2447 consanguinea
1955 2394 2156 2446 Sigridis,

595 2523 627 2557 A
649 2536 693 2554 z
717 2522 847 2557 codex
879 2525 1276 2566 Arnaemagnaeanus
1310 2521 1385 2555 291
1424 2519 1509 2555 Fol.
1545 2541 1597 2545 -—
1639 2521 1671 2555 B
1695 2535 1738 2550 z
1761 2519 2029 2566 Exscriptum
2063 2520 2158 2555 Bar-

509 2579 803 2615 tholinianum.
856 2600 905 2603 -—
955 2578 1201 2614 Lzeditio
1248 2577 1511 2623 Langebekii.
1591 2578 1650 2613 Ex
1699 2577 1767 2612 BL
1814 2586 1948 2623 pauca
1995 2579 2156 2612 tantum

509 2637 677 2673 adnoto.
754 2636 996 2682 Inscriptio,
1043 2646 1138 2682 quae
1184 2637 1245 2670 est
1290 2634 1706 2670 Narratiuncula
1753 2637 1846 2677 etc.7
1892 2634 1982 2669 sine
2028 2633 2157 2669 dubio

511 2694 739 2740 Stephanio
772 2693 960 2733 debetur,
1006 2693 1119 2739 quod
1162 2692 1345 2727 ostendit
1375 2691 1456 2727 iam
1491 2702 1592 2726 usus
1625 2691 1921 2738 appellationis
1956 2690 2144 2727 Cimbriae

599 2752 631 2787 1.
671 2750 860 2787 WLuidis
901 2751 945 2794 A,
990 2760 1091 2786 corr.
1135 2750 1175 2785 L.
1239 2751 1272 2785 4.
1316 2750 1382 2784 suo
1425 2748 1575 2784 addidi.
1661 2750 1695 2785 5.
1738 2751 1957 2784 autumant
1994 2747 2152 2793 scripsi5

510 2811 648 2844 autem
682 2809 724 2843 A.
788 2808 822 2843 6.
854 2807 1131 2851 abbatiarum,
1163 2806 1243 2841 scil.
1277 2805 1630 2842 Cisterciensium.
1722 2805 1867 2842 Suecia
1899 2803 1976 2853 (vel
1999 2802 2158 2851 Svecia)

509 2864 575 2901 hic
604 2867 641 2901 et
671 2864 873 2901 interdum
907 2863 1006 2900 alibi
1028 2865 1072 2900 A.
1138 2863 1172 2899 9.
1198 2862 1250 2898 ad
1276 2862 1461 2898 Insulam
1489 2863 1531 2907 A,
1562 2865 1770 2909 σωτηρίᾳ·
1803 2862 1844 2898 ἰη
1870 2872 2000 2908 mary.
2028 2862 2155 2898 adscr.

510 2921 662 2968 Steph:
698 2922 804 2957 forte
828 2922 1022 2968 sylvam
1046 2920 1283 2967 legendum3
1315 2921 1356 2955 in
1380 2919 1531 2956 siluam
1554 2921 1646 2963 (om.
1670 2920 1737 2964 ad)
1766 2920 1934 2966 propter
1951 2919 2157 2965 sequentia

511 2989 650 3015 verum
675 2978 839 3015 videtur.
888 2979 952 3015 10.
972 2978 1126 3014 dicitur
1143 2979 1194 3022 A;
1227 2980 1403 3013 vocatur
1421 2977 1500 3012 BL.
1569 2976 1690 3013 Verba
1709 2977 1810 3012 Inde
1836 2979 2071 3012 conuentus
2087 2975 2157 3011 ille

512 3035 548 3071 h..
582 3036 604 3071 I.
640 3038 836 3083 tanquam
871 3036 977 3071 male
1008 3035 1149 3071 iterata
1181 3033 1320 3070 deleui.
1387 3034 1447 3070 17.
1480 3037 1618 3070 autem
1650 3031 1737 3081 (513
1763 3035 1857 3080 posi
1886 3038 1936 3069 οὔ
1967 3032 2158 3069 excidisse

511 3093 670 3128 credidi.
735 3093 797 3128 20.
834 3093 1039 3129 r’uocauit
1071 3092 1230 3137 εει-φῇς
1263 3091 1430 3126 vocauit
1462 3090 1503 3126 A.
1567 3091 1630 3126 23.
1665 3090 1846 3126 obtinuit
1879 3090 1957 3125 BL.
