2242 3551
257 1407 329 1439 Fol.
346 1402 414 1439 351'.

456 641 475 670 ἔ)

440 1044 480 1074 ῙΟ

444 1407 483 1438 15

441 1773 484 1802 20

444 2579 487 2609 30

502 217 584 255 230
845 225 1120 254 SCRIPTORES
1154 225 1380 254 His'roniffi
1413 226 1590 254 DANICAE
1623 226 1820 254 MlNoREs

502 343 694 383 domum
728 342 847 382 hanc
882 345 923 382 et
955 341 1122 383 illa1n.«
1188 343 1241 382 At
1274 341 1368 383 ille:
1423 340 1739 394 »Accipiemus
1772 353 1876 381 eum
1911 341 2154 383 nobiscum

502 415 558 455 ad
598 427 787 468 presens
826 427 883 454 an
926 418 1072 455 non?«
1141 414 1392 468 Respondit
1431 414 1575 454 abbas
1620 416 1791 454 noster:
1847 414 2035 455 »Melius
2077 419 2154 463 est,

503 491 550 528 ut
583 488 639 527 ad
673 500 860 540 presens
894 487 1137 528 uobiscum
1172 487 1401 541 recipiatis
1431 488 1561 538 eum,
1610 490 1671 536 ut,
1719 486 1756 526 si
1796 486 1910 527 forte
1950 487 2156 529 renititur

503 560 655 601 honus
688 559 855 612 subire,
904 560 1058 601 uerbis
1100 559 1419 613 consolatorijs
1459 558 1667 600 allicietis
1700 572 1820 610 eum,
1869 563 1909 599 et
1942 560 2156 613 precipue

502 646 607 674 cum
641 633 697 673 sit
730 632 974 673 uobiscum
1009 633 1055 674 in
1087 632 1287 673 itinere«
1355 633 1410 672 Et
1442 632 1507 672 sic
1539 631 1711 672 factum
1745 635 1821 672 est.

588 743 714 796 (XX.)
783 707 948 786 Anno
996 744 1173 785 domini
1218 733 1444 795 3³1.cc.1}.1i'.1.‚
1492 743 1537 783 111
1584 742 1738 794 vigilia
1786 742 1906 783 beati
1950 744 2157 785 Barnabc

504 816 714 871 apostoli,
748 817 864 857 letus
897 820 939 857 et
970 817 1142 857 hilacer
1174 816 1309 857 cessit
1341 816 1478 856 frater
1512 815 1720 867 Boecius,
1752 822 1856 856 xvl9.
1890 816 2047 857 abbas.
2109 818 2157 858 In

504 890 575 930 die
615 889 821 930 eiusdem
866 889 1062 942 apostoli
1102 890 1271 930 electus
1314 893 1380 929 est
1411 888 1630 929 dominus
1662 888 1873 939 Thuro,
1921 889 2156 941 quondam

506 962 651 1003 abbas
699 962 799 1003 Uite
847 962 989 1013 scole,
1051 965 1208 1015 postea
1258 961 1570 1010 Esromensis3
1632 960 1798 1001 deinde
1846 961 1958 1002 Care
2007 962 2159 1002 Insule

507 1036 659 1076 honus
692 1035 893 1088 suscepit
924 1035 1170 1087 regiminis.
1237 1034 1336 1075 Hic
1366 1034 1473 1075 fuit
1506 1046 1654 1074 .xv11.
1689 1034 1873 1074 abbas.

594 1108 680 1148 Iste
719 1108 870 1148 bonus
911 1108 1052 1148 homo
1091 1107 1208 1160 cepit
1255 1106 1495 1159 diligenter
1535 1106 1766 1160 inquirere
1805 1111 1847 1147 et
1885 1106 2160 1159 inuestigare

506 1193 695 1221 causam
734 1191 894 1232 guerre
934 1184 975 1221 et
1013 1180 1340 1232 controuersie,
1387 1193 1475 1234 que
1522 1180 1785 1220 uertebatur
1824 1179 1941 1219 inter
1987 1180 2159 1221 dictum

509 1253 777 1307 episcopum
812 1257 853 1294 et
885 1254 1076 1294 domum
1111 1253 1202 1293 iam
1236 1266 1381 1293 suam.
1437 1253 1607 1294 Dicunt
1638 1252 1678 1292 ei
1711 1251 1929 1293 monachi
1963 1253 2033 1293 sui
2066 1266 2159 1294 rem

508 1330 680 1379 gestam
729 1339 809 1379 per
853 1326 1077 1367 ordinem.
1139 1327 1195 1366 At
1235 1326 1315 1367 ubi
1361 1325 1675 1366 narrationem
1724 1325 2046 1378 expleuissent,
2094 1339 2162 1366 ex-

510 1399 728 1452 cogitauit
773 1412 930 1440 secum
977 1400 1136 1451 abbas,
1183 1399 1420 1452 quomodo
1466 1398 1658 1450 gratiam
1705 1396 1716 1449 {1
1762 1397 1965 1451 episcopi
2012 1403 2163 1451 posset

509 1472 714 1526 adipisci.
779 1472 878 1522 Que
918 1471 1038 1512 dicta
1079 1485 1227 1526 queue
1267 1472 1385 1512 facta
1426 1475 1533 1512 sunt
1579 1484 1632 1511 ex
1679 1475 1806 1523 parte
1846 1475 2161 1525 utrorumque,

509 1545 581 1586 nel
614 1548 725 1599 quot
756 1544 863 1585 inde
898 1545 1051 1586 habita
1086 1545 1331 1598 colloquia,
1365 1538 1600 1585 non'sunt
1632 1557 1711 1596 per
1743 1543 1921 1595 singula
1955 1543 2162 1596 dicenda,

509 1631 592 1658 nec
638 1617 770 1658 facile
816 1622 1011 1670 possunt
1058 1617 1287 1671 explicari.
1380 1616 1535 1657 Abbas
1582 1630 1714 1669 uero,
1774 1616 2031 1668 intelligens
2087 1630 2163 1658 cor

510 1690 715 1743 episcopi
754 1703 850 1731 esse
892 1691 1175 1741 induratum,
1225 1694 1265 1730 et
1304 1690 1360 1730 de
1400 1690 1473 1730 die
1513 1689 1559 1730 in
1602 1689 1724 1730 diem
1767 1690 1887 1730 mala
1930 1689 2162 1742 peioribus

512 1763 646 1804 nobis
703 1764 1018 1815 accumulare,
1080 1776 1162 1804 nec
1217 1776 1264 1803 se
1317 1775 1398 1803 sua
1454 1775 1588 1816 posse
1641 1763 1877 1815 preualere
1924 1762 2162 1814 industria,

511 1836 867 1890 appellationem
898 1836 1023 1889 prius
1050 1836 1217 1876 editam
1245 1835 1553 1889 prosequitur:
1590 1835 1710 1886 Quia
1733 1835 1978 1888 episcopus
2001 1835 2163 1876 cotidie

512 1908 755 1949 innouauit
788 1909 924 1960 mala,
974 1909 1216 1950 innouauit
1255 1908 1392 1949 etiam
1430 1908 1576 1948 abbas
1614 1907 1785 1948 litteras
1824 1908 2015 1948 domino
2050 1920 2163 1961 pape

512 1981 821 2022 destinandas.
887 1981 1028 2022 Cuius
1062 1982 1208 2023 forma
1241 1981 1345 2021 talis
1377 1985 1461 2022 est:

620 2103 749 2147 <xxm
814 2103 915 2138 Item
949 2103 1133 2138 secunda
1166 2102 1304 2138 littera
1338 2102 1536 2138 abbatum
1571 2102 1622 2138 de
1654 2102 1781 2138 Dacia
1816 2101 1866 2137 ad
1901 2112 2065 2148 papam.

604 2172 960 2251 »sanctissimo
994 2207 1109 2260 patri
1143 2220 1196 2247 ac
1228 2207 1418 2248 domino
1453 2198 1538 2258 .V.,
1583 2207 1655 2247 dei
1694 2207 1836 2259 gratia
1877 2210 2164 2247 sacrosancte

515 2282 721 2322 Romane
753 2281 942 2321 ecclesie
974 2293 1158 2321 summo
1192 2280 1412 2333 pontifici‚
1456 2280 1614 2320 fratres
1648 2280 1696 2320 E.
1731 2280 1786 2320 de
1820 2279 2000 2329 Esrom,
2038 2279 2077 2319 J.
2111 2279 2164 2318 de

516 2354 637 2394 Loco
672 2353 754 2393 Dei
788 2357 830 2393 et
863 2354 919 2393 M.
954 2354 1009 2393 de
1044 2354 1162 2394 Rure
1194 2353 1331 2405 regio,
1373 2352 1481 2393 dicti
1515 2352 1704 2393 abbates
1737 2352 1783 2392 in
1818 2351 1958 2392 Dacia
1993 2352 2164 2405 Cyster-

514 2425 679 2466 ciensis
719 2425 907 2477 ordinis,
955 2426 1193 2466 beatorum
1236 2426 1393 2466 oscula
1434 2425 1605 2478 pedum
1647 2438 1753 2465 cum
1794 2424 2065 2465 orae-ionum
2104 2424 2165 2463 in-

515 2498 689 2539 stancia
735 2500 1022 2539 deuotarum.
1112 2498 1237 2538 Licet
1290 2498 1582 2551 propriarum
1631 2511 1714 2538 nos
1762 2497 2077 2549 angustiarum
2126 2500 2165 2537 et

515 2571 840 2612 continuarum
874 2570 1229 2624 oppressionum
1264 2570 1579 2624 multiplicitas
1612 2582 1705 2610 non
1739 2569 1858 2610 sinat
1886 2569 2165 2622 aliquatinus

514 2643 752 2697 respirare,
785 2643 1126 2684 calamitatibus
1156 2647 1311 2683 tamen
1344 2642 1496 2683 dilecti
1526 2642 1572 2682 in
1600 2642 1781 2684 Christo
1809 2642 1905 2682 .Th.
1932 2641 2165 2683 coabbatis

514 2715 657 2756 nostri
697 2716 753 2756 de
794 2716 908 2757 Cara
951 2716 1121 2766 Insula,
1169 2715 1429 2756 Arusiensis
1468 2714 1692 2768 dyocesis,
1740 2719 1781 2755 et
1827 2714 2032 2755 eiusdem
2080 2713 2165 2755 loci

604 2811 639 2844 4.
674 2808 866 2847 allicietis
900 2810 940 2845 in
965 2809 1145 2845 illicietis
1173 2808 1353 2844 radendo
1376 2811 1597 2844 correctum
1628 2809 1792 2845 videtur.
1855 2808 2005 2845 6-10.
2029 2807 2166 2844 omnia

516 2866 747 2902 rubricator
780 2867 925 2913 pinxit.
1005 2867 1038 2902 7.
1080 2866 1259 2902 hilacer:
1308 2876 1441 2902 vocem
1482 2868 1785 2902 monstruosam
1832 2865 2005 2911 scriptor
2051 2863 2165 2900 verba

516 2924 664 2959 hilaris
696 2926 731 2960 et
762 2924 902 2960 alacer
933 2923 1225 2959 contaminans
1254 2923 1386 2969 finxit.
1471 2923 1646 2959 15—16.
1676 2920 1877 2969 s'·adipisei
1907 2918 2074 2969 l“posset
2104 2919 2164 2957 (Ξὸ-

520 2981 694 3017 18-19.
729 2992 802 3017 001·
829 3011 860 3017 ..
888 2992 978 3017 esse
1011 2980 1273 3017 induratum:
1320 2979 1390 3026 cfr.
1424 2979 1551 3017 Exod.
1588 2979 1623 3024 7,
1647 2979 1698 3017 13
1714 2980 1764 3015 al.
1843 2979 1907 3015 31.
1940 2979 2166 3025 interpunc-

517 3038 664 3073 tionem
695 3040 787 3084 post
817 3038 1126 3074 calamitatibus
1159 3036 1279 3073 habet
1303 3037 1439 3082 codex,
1473 3037 1541 3073 sed
1564 3038 1657 3073 ante
1683 3036 1721 3073 11,
1751 3048 1782 3072 υ.
1808 3036 1999 3083 ponenda
2024 3034 2167 3071 scilicet

517 3096 583 3139 est,
620 3097 662 3131 ut
692 3095 855 3131 dutinus
888 3106 978 3130 cum
1013 3095 1287 3131 condolentes
1319 3093 1605 3140 coniunyatar.
