2242 3551
376 1015 416 1045 10

374 1379 414 1410 15

450 229 527 268 124
787 240 1061 269 SCRIPTORES
1094 241 1319 269 HlsTomAE
1352 243 1527 270 DANJCAE
1558 243 1757 272 MiNoREs

446 354 595 406 palem
629 367 769 393 manu
802 357 977 394 armata
1010 354 1196 396 xii-iliter
1229 356 1442 407 defendit,
1474 369 1575 408 rege
1602 357 1771 397 Karulo
1798 370 1876 410 per
1909 362 2086 398 noctem

444 425 490 465 in
510 426 686 478 Vpagre
719 439 896 466 moram
928 428 1146 467 trahente.
1197 428 1286 479 Qui
1321 442 1455 469 mane
1487 440 1676 480 surgens
1708 430 1856 482 Dalby
1887 430 2087 479 intrauit,

445 498 517 538 vbi
551 498 704 551 plures
738 499 1005 540 Scanienses
1038 499 1235 541 inermes
1266 501 1529 541 immaniter
1566 500 1801 552 interfecit,
1849 506 1890 541 et
1929 502 1993 542 sic
2031 503 2086 542 ad

445 570 654 611 Sueciam
693 572 927 611 redeundo
968 572 1171 612 celeriori
1210 573 1281 613 via
1323 586 1400 626 per
1440 573 1704 626 prouincias
1746 574 2008 614 Gersherret
2049 578 2088 614 et

444 643 827 684 Witlandzherret
850 645 1114 697 properauit
1136 645 1357 686 maiorem
1381 646 1585 698 ipsarum
1604 650 1778 699 partem
1798 647 2087 687 comburens.

445 716 528 756 Sed
562 715 638 756 vbi
671 716 782 756 vidit
813 716 1141 768 resistenciam,
1174 721 1219 757 vt
1250 719 1373 771 apud
1406 718 1580 758 curiam
1616 718 1916 772 principalem
1944 719 2089 759 VVeet-

444 788 640 838 skfflflae,
688 789 880 830 celerius
927 789 1059 841 fugit3
1106 790 1211 843 quia
1260 790 1323 830 ibi
1370 803 1457 830 vna
1506 790 1673 831 nobilis
1720 791 1907 831 domina
1957 791 2089 831 vnico

443 860 592 901 iaculo
635 861 767 901 vuius
806 862 1060 903 bombarde
1098 862 1250 915 ipsum
1285 863 1507 903 Karulum
1547 875 1696 915 regem
1741 876 1845 904 cum
1879 876 1963 904 suo
1995 867 2089 904 toto

443 933 640 973 exercitu
681 934 870 986 fugauit,
917 939 959 975 et
1000 934 1065 975 sic
1106 935 1282 975 curiam
1315 948 1445 975 suam
1481 935 1668 976 viriliter
1700 935 1913 976 defendit.
1977 936 2088 976 Item

442 1005 691 1051 familiares
731 1007 936 1047 eiusdem
974 1007 1151 1047 domini
1191 1007 1525 1060 archiepiscopi
1567 1008 1736 1048 multos
1775 1008 1830 1048 de
1871 1007 2089 1048 comitatu

443 1077 647 1119 eiusdem
682 1079 798 1131 regis
823 1079 980 1119 Karuli
1012 1080 1135 1132 apud
1165 1079 1397 1119 ciuitatem
1417 1080 1711 1120 Lundensem
1739 1080 2091 1134 captiuauerunt

443 1163 495 1191 eo
534 1155 752 1204 tempore,
799 1164 890 1204 quo
931 1151 1051 1191 idem
1092 1165 1169 1192 rex
1213 1152 1412 1192 Karulus
1458 1152 1597 1193 iacuit
1643 1153 1689 1192 in
1739 1153 1898 1205 Dalby.
1977 1152 2087 1192 Item

442 1223 671 1276 predictus
704 1224 920 1264 dominus
952 1224 1327 1278 archiepiscopus
1359 1225 1551 1265 contulit
1583 1226 1699 1265 duos
1725 1225 2023 1266 canonicatus
2049 1228 2091 1265 et

442 1296 698 1350 prebendas
737 1296 783 1336 in
824 1297 1013 1337 ecclesia
1048 1298 1366 1350 Roskyldensi,
1415 1311 1613 1351 quorum
1647 1297 1922 1338 collaciones
1955 1297 2089 1338 deuo—

441 1369 532 1409 lute
572 1370 754 1409 fuerunt
787 1371 843 1409 ad
878 1369 1028 1422 ipsum
1063 1373 1247 1423 propter
1280 1370 1459 1423 lapsum
1498 1370 1731 1423 temporis.
1795 1371 1907 1411 Item
1950 1370 2089 1410 huius

441 1445 645 1494 tempore
679 1442 1001 1493 christiernus,
1034 1455 1111 1482 rex
1146 1442 1296 1491 Dacie‚
1340 1442 1539 1483 obtinuit
1570 1446 1771 1483 castrum
1804 1443 2089 1495 AE1uesborg,

441 1514 513 1554 die
545 1514 859 1566 apostolorum
896 1514 1014 1555 Petri
1047 1518 1089 1554 et
1121 1514 1250 1555 Pauli
1284 1528 1407 1555 anno
1439 1514 1617 1567 domini
1650 1527 1877 1565 .M.CD.Lv.;
1915 1519 1957 1556 et
1988 1518 2090 1568 post

532 1671 562 1705 1.
596 1670 773 1706 viriliter
794 1681 872 1706 om.
899 1671 945 1706 1-1.
1012 1671 1129 1706 1—2.
1161 1681 1236 1717 per
1262 1682 1298 1706 n.
1330 1672 1369 1706 in
1388 1672 1550 1717 Apager
1575 1681 1736 1706 moram
1761 1674 1809 1707 tr.
1838 1671 1891 1718 U;
1925 1681 2086 1706 moram

441 1737 515 1773 per
547 1738 584 1762 n.
616 1728 657 1763 in
690 1728 850 1774 Vpagre
880 1726 958 1777 <vel
984 1728 1119 1774 potius
1151 1727 1326 1775 Vpager)
1357 1732 1404 1764 tr.
1441 1729 1486 1763 Η.
1561 1729 1597 1763 2.
1628 1738 1805 1774 surgens
1840 1729 1883 1765 D.
1916 1727 2090 1763 intrauit

442 1784 493 1829 U;
540 1786 683 1831 surgit,
716 1786 891 1821 intrauit
924 1786 968 1821 D.
1006 1786 1050 1820 H.
1129 1786 1162 1820 5.
1197 1786 1439 1822 Wittlandh.
1475 1786 1528 1829 U;
1575 1785 1825 1821 Willandzh.
1860 1786 1907 1821 H.
1998 1796 2090 1831 pro-

440 1842 604 1888 perauit
637 1853 688 1878 m.
720 1843 743 1879 i.
780 1853 817 1889 p.
853 1843 1107 1879 comburens
1142 1843 1192 1889 U;
1239 1843 1359 1889 quasi
1392 1842 1574 1879 totaliter
1606 1843 1839 1879 combussit
1871 1843 1917 1878 H.
1981 1843 2015 1877 6.
2048 1845 2089 1878 vt

440 1899 552 1945 apud
585 1899 641 1947 H;
692 1899 882 1935 videlicet
918 1898 1028 1950 (vig.)
1066 1900 1176 1946 apud
1222 1901 1267 1935 U.
1344 1902 1378 1936 6.
1424 1900 1701 1947 principalem
1742 1911 1819 1936 om.
1865 1900 1911 1936 H.
2002 1900 2090 1936 Vet-

439 1957 615 1993 schofsse
649 1958 694 1992 H.
758 1958 790 1992 7.
824 1958 922 2003 quia
953 1956 1017 2006 (z
1042 1955 1154 2005 nam>
1186 1958 1242 2005 H;
1276 1958 1389 2004 quod
1417 1958 1461 1993 U.
1543 1960 1636 2003 post
1666 1957 1836 1993 domina
1872 1957 1913 1993 in
1942 1968 2089 2003 paren-

441 2013 540 2049 thesi
569 2013 688 2050 habel
717 2015 771 2050 H:
804 2015 886 2050 Fru
923 2015 1189 2060 Holmegard,
1220 2015 1369 2050 scilicet
1398 2025 1447 2050 esc
1477 2017 1573 2050 nota
1607 2015 1841 2061 mai'yinali.
1904 2015 1939 2050 8.
1971 2015 2088 2050 bum-

440 2070 581 2107 bardae
615 2072 661 2107 H.
728 2072 801 2108 -10.
840 2072 1000 2107 domini
1040 2083 1117 2108 om.
1152 2073 1199 2108 H.
1281 2073 1341 2108 11.
1383 2072 1570 2108 eiusdem
1604 2073 1712 2118 regis
1745 2072 1800 2119 H;
1849 2071 2008 2107 domini
2043 2072 2087 2108 U.

442 2130 502 2165 12.
550 2140 598 2164 eo
645 2140 722 2165 om.
765 2130 811 2165 H.
905 2130 1013 2165 idem
1053 2140 1129 2165 om.
1172 2130 1215 2165 U.
1306 2130 1501 2165 Proeterea
1550 2129 1590 2165 in
1641 2130 1673 2164 H
1714 2140 1874 2175 semper
1911 2128 2087 2165 Carolus

438 2185 635 2222 scribitur.
710 2186 755 2221 In
797 2186 957 2222 breuius
996 2189 1201 2222 contracta
1240 2187 1326 2223 Izoee
1364 2186 1516 2222 liabent
1547 2186 1662 2223 RSE:
1713 2187 1790 2223 Sed
1830 2186 1940 2222 dom.
1974 2187 2086 2222 arch.

437 2242 544 2290 (Tuo
569 2243 661 2279 add.
684 2242 730 2291 Ε)
760 2255 855 2280 cum
890 2255 981 2279 con
995 2244 1215 2290 capitula
1229 2245 1371 2280 ribus
1405 2248 1443 2280 et
1475 2245 1567 2280 aliis
1596 2245 1694 2280 eccl.
1720 2247 1758 2280 et
1786 2255 1872 2280 cur.
1892 2244 1933 2280 L.
1960 2255 2085 2280 manu

438 2304 598 2336 armata
631 2301 827 2344 defendit.
869 2310 963 2347 rege
998 2302 1153 2337 Karulo
1188 2313 1348 2337 moram
1383 2313 1418 2348 p.
1454 2313 1489 2337 n.
1522 2302 1563 2337 in
1597 2302 1761 2348 Opagre
1799 2300 1877 2349 (vel
1909 2298 2087 2347 Opager)

439 2359 629 2394 trahente
670 2358 879 2406 (trahente
918 2359 958 2394 in
1002 2360 1166 2406 Opager
1199 2357 1253 2405 Ε).
1317 2359 1394 2403 Qui
1437 2370 1558 2394 mane
1597 2368 1772 2404 surgens
1815 2359 1989 2394 intrauit
2030 2358 2086 2397 D..

439 2419 477 2451 et
508 2416 568 2451 sic
600 2415 651 2451 ad
686 2416 722 2452 S.
757 2416 973 2452 redeundo
1006 2416 1266 2452 Gerssherrit
1301 2414 1402 2464 <8131
1441 2413 1709 2464 Giersherrit)
1750 2416 1871 2462 quasi
1903 2415 2086 2451 totaliter

438 2473 679 2508 combussit.
734 2472 904 2520 (Deinde
934 2474 1179 2509 omittuntur
1207 2473 1433 2519 sequentia:
1468 2474 1545 2509 Sed
1579 2471 1926 2520 vbi..defendit).
1983 2473 2082 2509 Item

438 2529 664 2565 familiares
697 2531 806 2565 dom.
839 2531 1023 2577 arcliicpi
1058 2530 1210 2566 multos
1248 2531 1297 2565 de
1329 2541 1435 2565 com.
1472 2531 1579 2577 regis
1614 2531 1658 2566 K.
1693 2530 1805 2577 apud
1839 2541 1869 2566 c.
1905 2531 1946 2566 L.
1979 2533 2085 2576 capt.

437 2590 638 2633 tempore,
670 2598 754 2633 quo
787 2599 857 2623 rex
895 2588 937 2623 K.
971 2589 1099 2624 iacuit
1130 2588 1170 2622 in
1200 2588 1242 2623 1).
1306 2587 1341 2623 Ο
1374 2587 1459 2623 hoec
1489 2587 1624 2624 habel:
1659 2588 1737 2624 Sed
1771 2587 1956 2633 archiep.
1991 2598 2085 2622 cum

437 2644 524 2679 suis
565 2644 663 2680 eccl.
705 2648 743 2680 et
787 2656 871 2680 cur.
906 2646 946 2680 L.
987 2656 1113 2681 manu
1152 2646 1311 2680 armata
1353 2644 1549 2680 defendit.
1610 2645 1738 2680 Cuius
1777 2645 1899 2680 etiam
1941 2644 2084 2679 famuli

439 2701 592 2737 multos
640 2702 689 2737 de
736 2713 840 2738 com.
882 2702 1022 2738 Karoli
1072 2702 1172 2747 [scil.
1216 2701 1341 2746 mille]
1389 2703 1715 2748 captiuauerunt
1752 2705 1956 2748 tempore,
2001 2712 2085 2747 quo

428 2759 547 2794 idem
589 2769 659 2794 rex
698 2759 827 2795 iacuit
866 2760 906 2794 in
948 2760 993 2795 D.
1059 2760 1210 2805 Sicque
1254 2759 1434 2794 Karolus
1476 2759 1601 2795 rediit
1639 2760 1679 2794 in
1714 2759 1917 2803 Sueciam⁷
1964 2761 2002 2794 et
2043 2759 2085 2793 in

437 2816 653 2852 redeundo
701 2817 916 2852 Gerherrit
972 2820 1011 2852 et
1057 2816 1381 2852 Villandzherrit
1434 2817 1554 2862 quasi
1609 2816 1792 2852 totaliter
1843 2816 2085 2852 combussit.

443 2874 616 2909 12—15.
651 2874 750 2909 Item
772 2874 1024 2920 ..temporis
1057 2885 1134 2909 0111.
1162 2873 1240 2909 ΕΟ.
1306 2874 1483 2911 12—13.
1520 2874 1621 2909 Item
1657 2874 1868 2919 predictus
1896 2873 1948 2919 U3
1985 2873 2083 2908 Item

437 2930 546 2965 idem
581 2930 633 2973 1-1;
681 2931 780 2966 Item
818 2932 866 2975 133
916 2931 1028 2966 Idem
1067 2931 1185 2979 (corr.
1227 2941 1276 2966 ex
1315 2929 1431 2977 Item)
1469 2931 1506 2966 S.
1588 2931 1647 2965 13.
1691 2931 1888 2966 dominus
1930 2940 2008 2965 om.
2041 2930 2086 2965 U.

437 2987 544 3022 duos
577 2998 654 3022 om.
689 2988 765 3023 RS.
832 2989 892 3023 15.
926 2988 1098 3024 fuerunt
1130 2988 1222 3032 HU;
1254 2991 1372 3023 erant
1406 2987 1481 3023 RS.
1547 2988 1696 3033 15—p.
1727 2987 1898 3025 125.10.
1933 2987 2085 3022 Item..

436 3054 646 3080 consensu
679 3054 756 3080 om.
787 3045 831 3081 U.
899 3046 960 3080 16.
1000 3045 1231 3091 Elvesborg
1256 3045 1338 3091 SE;
1375 3044 1657 3090 Eluisborg<li)
1687 3044 1772 3080 ΗΟ.
1838 3044 1898 3079 17.
1926 3043 2085 3079 domini

436 3101 568 3137 nostri
609 3099 672 3136 H2.
