2242 3551
394 1000 434 1030 10

207 1361 280 1392 fol.
297 1356 366 1391 lov.
394 1360 435 1390 15

390 2085 431 2115 25

390 2446 433 2477 30

462 218 545 257 346
804 225 1079 255 semerom-:s
1112 224 1339 254 HISTORIAE
1371 224 1549 252 DANlCAE
1581 225 1780 253 MINORES

548 341 755 382 Tandem
786 339 873 393 ipsi
900 338 1213 391 Malmogiani,
1247 338 1372 379 vrbis
1404 339 1463 379 ob
1495 342 1691 379 secretas
1723 339 1889 379 missas
1921 339 2113 380 fratrum

463 414 762 455 formidantes
787 411 1032 463 excidium,
1065 411 1225 451 fratres
1251 424 1274 452 e
1299 411 1441 451 choro
1467 410 1695 462 fugarunt.
1739 412 1937 452 Admisit
1958 415 2113 452 tamen

464 486 682 537 Georgius
723 484 1004 525 Monetarius
1046 484 1207 524 fratres
1250 483 1360 524 alibi
1400 496 1495 523 rem
1535 483 1759 535 diuinam,
1802 484 2025 524 nimirum
2066 484 2112 524 in

462 558 687 609 vestiario,
721 556 881 608 facere,
914 569 966 596 ea
997 556 1188 603 ratione,
1220 560 1267 596 vt
1296 556 1382 609 ipsi
1415 556 1747 608 responderent
1770 556 1817 596 in
1844 556 1916 597 dei
1942 556 2112 597 iudicio

464 644 544 684 pro
578 629 847 670 huiusmodi
887 629 1112 680 nefandis,
1159 633 1205 669 vt
1244 628 1495 682 inquiebat,
1543 628 1709 668 missis.
1773 628 1811 669 O
1854 629 2111 682 preclarum

462 701 680 755 sapientis
711 701 899 741 rectoris
933 713 1096 752 magne
1129 701 1328 741 ciuitatis
1358 702 1653 753 responsum!
1718 701 1915 741 Scortari
1958 701 2114 741 huius-

463 775 586 816 modi
618 773 798 814 homini
824 786 917 813 non
946 773 1099 825 magni
1124 774 1340 826 ponderis
1365 777 1570 826 putatur:
1605 786 1702 813 rem
1724 777 1880 814 tamen
1904 774 2113 814 diuinam

462 860 587 888 more
620 850 775 887 sancte
808 846 1031 887 catholice
1065 846 1252 886 ecclesie
1284 846 1432 886 facere
1463 850 1556 885 tam
1591 846 1849 897 scelestum,
1890 850 1936 887 vt
1967 846 2114 886 diuini

461 919 618 960 iudicii
643 919 914 959 formidetur
941 918 1182 959 sententia!
1233 918 1271 959 O
1296 918 1490 958 culicem
1525 918 1778 971 liquantem
1811 922 1852 959 et
1884 919 2113 959 camelum

461 992 755 1045 glucientem!
797 992 942 1032 Tante
975 991 1111 1031 etiam
1138 991 1224 1030 fuit
1249 992 1370 1044 apud
1391 991 1727 1042 Malmogianos
1753 991 2113 1031 abominationis

462 1066 598 1105 misse
636 1063 895 1114 celebratio,
942 1067 989 1103 vt
1028 1064 1170 1104 semel
1208 1063 1395 1103 fratrem
1435 1064 1665 1104 Joannem
1709 1064 1878 1104 Plowff
1919 1064 2114 1104 celebra-

460 1143 613 1178 turum
662 1136 894 1190 lapidibus
942 1140 983 1176 et
1030 1136 1310 1176 clamoribus
1359 1137 1414 1176 de
1460 1136 1591 1176 altari
1638 1136 1850 1187 fugarint.
1933 1136 2113 1177 Inuenti

462 1211 645 1250 fuerunt
698 1209 835 1249 etiarn
889 1209 1030 1249 semel
1084 1208 1202 1248 infra
1261 1212 1524 1261 suggestum
1577 1221 1671 1249 non
1726 1208 1858 1261 parui
1904 1208 2111 1261 lapidum

461 1282 613 1323 acerui
646 1283 703 1322 ad
736 1282 824 1322 hoc
856 1281 1095 1332 corrogati.
1160 1281 1400 1322 Crescente
1438 1281 1587 1321 indies
1629 1280 1810 1321 malicie
1852 1285 2112 1333 augmento,

462 1360 503 1396 et
535 1354 822 1396 estuantibus
854 1353 1000 1407 plenis
1033 1353 1207 1394 inuidie
1239 1350 1416 1408 morllbo
1449 1367 1607 1394 eorum
1652 1354 1834 1406 animis,
1881 1353 2113 1405 omnibus,

459 1428 628 1482 quibus
661 1430 883 1480 poterant,
932 1426 1083 1466 modis
1122 1439 1311 1479 operam
1351 1430 1598 1478 nauarunt,
1645 1430 1691 1466 vt
1728 1427 1890 1467 fratres
1931 1426 2113 1467 cenobii

459 1500 602 1541 nostri
634 1500 735 1540 loco
769 1499 1031 1552 spoliarent.
1081 1499 1230 1538 Tanta
1256 1499 1379 1539 enim
1408 1499 1657 1539 incesserat
1689 1499 1920 1551 effugandi
1953 1499 2113 1539 fratres

459 1575 514 1614 de
567 1573 668 1613 loco
723 1585 884 1612 eorum
941 1571 1109 1611 animis
1155 1571 1319 1622 libido,
1380 1575 1427 1612 vt
1481 1572 1657 1612 nullam
1711 1584 1873 1625 capere
1927 1575 2115 1625 possent

458 1646 678 1699 requiem,
711 1645 860 1684 donec
891 1657 968 1684 eos
1002 1644 1296 1695 effugassent3
1339 1644 1512 1684 nullius
1544 1644 1654 1696 legis
1687 1645 1757 1685 vel
1788 1645 2011 1685 naturalis
2042 1644 2114 1685 vel

460 1718 616 1758 diuine
648 1717 718 1757 vel
750 1718 954 1757 humane
987 1717 1419 1757 verecundabantur
1450 1717 1666 1770 preterire
1706 1717 1752 1757 in
1796 1718 2112 1770 persequendo

457 1791 581 1844 ipsos
629 1794 854 1843 precepta.
943 1790 1179 1829 Interdum
1236 1790 1359 1829 enim
1413 1790 1704 1830 aduenerunt
1750 1789 1868 1830 dicte
1914 1789 2113 1830 ciuitatis

458 1867 653 1903 rectores
678 1866 719 1902 et
741 1862 989 1915 consiliarij
1024 1861 1328 1902 fraudulentis
1354 1862 1773 1914 pollicitacionibus
1804 1866 1844 1903 et
1876 1861 2112 1902 blanditiis

458 1935 639 1975 animos
661 1935 853 1975 fratrum
877 1934 1148 1986 demulsuri,
1170 1934 1497 1987 interdumque
1521 1934 1963 1975 comminationibus
1981 1939 2113 1975 terre-

458 2007 634 2059 facturi,
683 2011 729 2048 vt
768 2007 921 2060 aliqua
962 2007 1143 2047 cenobii
1176 2007 1319 2047 nostri
1352 2007 1451 2047 loca
1486 2007 1550 2047 eis
1582 2008 1897 2059 concederent,
1944 2011 1991 2047 vt
2020 2020 2112 2047 vno

460 2081 573 2133 pede
604 2080 885 2132 ingrediente
918 2079 1141 2132 paulatim
1174 2079 1349 2132 reliqua
1383 2079 1521 2120 totius
1554 2079 1759 2132 corporis
1789 2080 1933 2119 moles
1958 2079 2112 2120 subse-

460 2156 692 2205 queretur,
718 2152 887 2206 quibus
912 2156 1175 2193 constanter
1201 2152 1360 2192 fratres
1383 2165 1466 2205 pro
1489 2151 1609 2192 virili
1633 2165 1814 2205 semper
1836 2151 2110 2203 restiterunt,

460 2224 757 2274 affirmantes,
790 2225 917 2265 nullo
951 2229 1084 2277 pacto
1117 2225 1206 2264 hoc
1237 2225 1301 2265 eis
1332 2224 1480 2276 licere,
1514 2225 1591 2264 sed
1618 2224 1663 2264 id
1688 2225 1745 2264 ad
1770 2224 1999 2275 dominos,
2032 2224 2110 2277 qui

460 2296 559 2336 loca
606 2296 717 2349 ipsis
761 2296 1000 2348 dederunt,
1048 2296 1286 2349 pertinere.
1348 2296 1491 2336 Porro
1538 2281 1683 2349 <cum>
1731 2296 1858 2336 nullo
1905 2300 2109 2349 tempore

461 2381 619 2408 eorum
643 2369 868 2408 voluntati
892 2369 1254 2421 obsequerentur
1271 2368 1446 2420 fratres,
1470 2368 1653 2409 interim
1673 2368 1847 2409 curiam
1869 2381 2107 2409 seruorum

460 2440 733 2493 interimque
780 2441 1043 2493 pomarium
1092 2441 1277 2493 propria
1315 2441 1592 2481 authoritate
1638 2441 1682 2481 vi
1724 2445 2022 2493 vsurparunt,
2069 2444 2111 2481 et

460 2512 656 2565 denique
696 2526 953 2566 pauperum
996 2513 1223 2566 hospitale
1263 2513 1348 2553 sub
1390 2516 1594 2566 pretextu
1639 2513 1833 2566 pietatis,
1880 2514 2109 2553 destructo

461 2584 549 2624 alio
591 2598 847 2638 pauperum
890 2585 1185 2637 monasterio,
1231 2585 1278 2625 in
1311 2585 1522 2638 pomario
1555 2589 1922 2625 construxerunt.
1985 2586 2109 2626 Pate-

428 2655 589 2696 ,factis
636 2657 788 2711 itaque
834 2658 1036 2712 vndique
1083 2657 1280 2710 pomarii
1324 2657 1480 2710 portis,
1529 2661 1570 2697 et
1608 2657 1822 2698 homines
1864 2661 1906 2698 et
1944 2670 2108 2711 pecora

289 2732 350 2764 fol.
368 2730 433 2765 11¹.

391 2807 433 2837 35

461 2728 621 2780 perdiu
654 2716 923 2783 noctu<que>
956 2730 1011 2770 ad
1046 2729 1206 2769 fratres
1234 2726 1245 2782 ΙΙ
1277 2729 1587 2769 indifferenter
1618 2728 1918 2769 intrauerunt.
1973 2729 2108 2768 Nulla

461 2813 644 2854 quoque
691 2801 906 2842 fratribus
954 2801 1151 2842 dabatur
1195 2801 1395 2854 requieS,
1456 2814 1604 2855 neque
1657 2802 1703 2841 in
1756 2801 1966 2841 faciendo
2013 2813 2107 2840 rem

548 2912 581 2947 9.
615 2913 791 2950 culicem
823 2915 1053 2961 liquantem
1088 2916 1181 2950 etc:
1213 2913 1283 2959 cfr.
1316 2912 1537 2958 Matth.23,
1557 2914 1619 2951 242.
1685 2915 1747 2951 17.
1782 2915 1913 2950 Tanta
1946 2912 2105 2959 scripsi,

461 2970 514 3003 tm
534 2970 677 3014 (tantu)
696 2971 757 3006 W.
820 2972 885 3007 23.
907 2971 1205 3017 interdumque
1223 2970 1293 3014 W3
1325 2971 1537 3006 interdum
1553 2971 1636 3017 BC,
1661 2971 1730 3007 sed
1752 2972 1793 3007 in
1811 2971 1846 3008 C
1864 2973 2004 3017 postea
2026 2980 2106 3016 que

462 3025 553 3061 add.
584 3025 730 3062 Arnas
801 3029 866 3064 28.
897 3039 992 3064 cum
1028 3028 1068 3064 in
1103 3027 1174 3064 BC
1207 3027 1298 3063 add.
1330 3028 1479 3063 Arnas.
1555 3029 1618 3064 29.
1651 3029 1763 3064 serui
1797 3028 1838 3064 in
1869 3027 1946 3063 hoc
1977 3026 2106 3062 libello

458 3082 613 3127 passim
647 3086 845 3119 vocantur
873 3082 1020 3134 frolles
1052 3085 1156 3120 laici.
1218 3085 1282 3120 34.
1309 3088 1522 3131 noctuque
1547 3085 1587 3121 in
1613 3086 1646 3122 C
1672 3086 1827 3133 Arnas3
1859 3087 1986 3121 noctu
2004 3083 2103 3119 WB.
