2242 3551
369 955 409 985 10

370 1315 408 1345 15

368 1679 410 1709 20

367 2040 410 2071 25

441 169 524 209 310
781 177 1057 206 SCRIPTORES
1091 176 1318 205 HISTORIAE
1352 177 1528 205 DANICAE
1561 178 1761 206 MINORES

441 293 691 347 apostolica
727 290 1031 333 confirmauit.
1082 291 1279 332 Rediens
1311 296 1466 331 autem
1500 292 1623 332 idem
1655 291 1794 331 frater
1822 292 2098 332 Laurentius

441 367 496 406 de
529 366 654 406 curia
687 378 810 404 anno
844 364 1021 404 domini
1053 364 1174 415 1469,
1208 364 1318 404 feria
1343 377 1400 404 vl.
1428 368 1532 417 post
1555 364 1722 404 festum
1742 365 1896 416 Lucie,
1928 364 2099 417 recepit

441 443 482 479 et
513 437 782 479 reformauit
813 441 1097 478 conuentum
1131 436 1464 477 Ottoniensem.

554 511 686 550 Anno
741 513 897 549 autem
950 509 1127 549 domini
1186 510 1293 549 1472
1350 509 1489 549 frater
1543 510 1821 550 Laurentius
1877 509 2098 549 Branderi

439 587 624 636 propter
692 581 971 635 multiplices
1038 581 1392 622 molestaciones
1461 582 1654 622 fratrum
1717 582 2097 623 conuentualium

436 659 675 708 assumpto
730 655 865 695 fratre
913 654 1038 694 socio
1084 655 1140 694 ad
1189 655 1493 707 apostolicam
1542 656 1695 695 sedem
1744 655 2009 708 repedabat,
2057 659 2098 694 et

437 728 703 781 impetrauit
743 741 768 768 a
803 727 927 768 Sixto
961 731 1125 780 quarto
1158 727 1330 767 litteras
1364 741 1502 780 super
1534 728 1868 768 reformacione
1901 740 2100 769 conuen-

436 805 569 841 tuum
623 800 1000 852 Swenburgensis
1056 803 1097 840 et
1152 800 1473 852 Nystadensis,
1532 805 1765 841 annuente
1819 805 1862 841 et
1915 800 2098 841 fauente

436 873 750 914 fauorabiliter
790 872 1001 913 ministro
1042 872 1257 924 generali,
1304 873 1441 913 fratre
1482 873 1672 914 Zanetto
1718 871 1743 928 (,
1784 878 1829 914 vt
1871 874 1936 914 sic
1980 874 2098 914 dicte

437 946 729 986 obseruantie
770 945 990 997 regularis
1031 945 1267 985 funiculus
1299 945 1534 985 difficilius
1568 943 1887 999 rumperetur).
1951 947 2100 1000 Redijt

436 1022 590 1059 autem
623 1019 786 1059 eodem
820 1031 943 1058 anno
975 1019 1022 1058 in
1056 1017 1210 1069 vigilia
1244 1019 1577 1071 penthecostes,
1611 1022 1652 1059 et
1684 1023 1809 1058 sexta
1842 1019 1953 1059 feria
1979 1019 2098 1059 infra

436 1094 651 1131 octauam
701 1091 917 1143 Corporis
966 1090 1134 1131 Christi
1190 1091 1463 1131 reformauit
1518 1095 1801 1131 conuentum
1850 1091 2097 1145 Swynbur-

435 1175 643 1215 gensem3
703 1163 976 1204 reformacio
1032 1167 1184 1203 autem
1242 1168 1501 1203 conuentus
1558 1164 1860 1216 Nystadensis
1913 1169 2100 1218 propter

435 1236 713 1289 paucitatem
762 1236 953 1276 fratrum
1004 1236 1225 1290 protelata
1276 1241 1341 1276 est
1406 1249 1550 1291 vsque
1591 1238 1646 1276 ad
1696 1251 1871 1277 annum
1920 1238 2098 1278 domini

439 1311 561 1361 1477,
609 1323 700 1362 quo
748 1322 870 1349 anno
918 1307 978 1363 (in
1021 1309 1093 1349 die
1133 1306 1424 1362 Animarum)
1472 1310 1595 1349 idem
1643 1311 1924 1350 reuerendus
1970 1315 2098 1363 pater

436 1381 572 1422 frater
626 1382 902 1422 Laurentius
959 1382 1179 1422 Branderi
1235 1383 1434 1422 eundem
1470 1386 1773 1427 conuentum
1828 1384 2097 1423 auctoritate

436 1455 689 1507 apostolica
722 1459 763 1495 et
796 1454 993 1494 ministri
1025 1454 1250 1506 generalis
1284 1454 1567 1495 reformauit.

464 1522 466 1524 ’
551 1528 683 1567 Anno
717 1532 871 1568 autern
905 1527 1083 1567 domini
1120 1529 1242 1578 1478,
1286 1531 1470 1567 mortuo
1513 1528 1767 1568 reuerendo
1801 1531 1929 1580 patre
1961 1527 2097 1567 fratre

438 1600 611 1651 Auone,
652 1601 949 1640 Reuerendus
994 1604 1122 1652 pater
1163 1600 1300 1640 frater
1341 1600 1615 1652 Stephanus,
1656 1600 1851 1640 nacione
1892 1601 2097 1652 Fynnus,

437 1671 484 1711 in
539 1672 806 1712 ministrum
861 1672 1041 1724 eligitur
1094 1672 1430 1725 prouincialem
1486 1673 1532 1711 in
1588 1673 1790 1726 capitulo
1847 1673 2096 1712 Lundensi.

440 1745 677 1785 Predictus
718 1749 872 1785 autem
914 1749 1041 1798 pater
1080 1745 1218 1785 frater
1258 1745 1535 1785 Laurentius
1577 1746 1799 1786 Branderi
1847 1758 1953 1785 cum
2002 1745 2097 1785 suis

438 1817 669 1869 fratribus,
713 1831 795 1871 pro
828 1818 954 1871 pacis
987 1830 1041 1857 ac
1072 1818 1269 1858 fraterne
1302 1818 1537 1858 charitatis
1570 1818 1899 1872 tranquillitate
1933 1818 2097 1857 melius

438 1890 731 1930 obseruanda
749 1895 791 1930 et
808 1890 1010 1931 vlteriori
1029 1890 1277 1930 vexacione
1295 1890 1488 1930 fratrum
1516 1891 1896 1931 conuentualium
1915 1890 2098 1943 penitus

438 1963 744 2014 excludenda,
799 1963 1011 2016 promisit
1058 1976 1140 2016 pro
1188 1976 1234 2003 se
1282 1967 1323 2003 et
1370 1963 1464 2003 suis
1511 1964 1728 2004 fratribus
1777 1963 2096 2004 obedienciam

437 2035 642 2087 predicto
684 2035 895 2075 ministro
930 2036 1186 2075 secundum
1219 2039 1425 2075 tenorem
1460 2036 1714 2076 litterarum
1750 2049 1828 2076 seu
1862 2036 2095 2077 bullarum

438 2107 549 2147 Sixti
597 2107 644 2145 4²i
701 2112 743 2148 et
788 2108 986 2159 Zanetti,
1049 2109 1286 2161 quondam
1333 2108 1558 2160 generalis
1605 2108 1817 2149 ministri.
1895 2109 2094 2149 Demum

436 2180 667 2231 predictus
714 2185 841 2233 pater
887 2181 1024 2221 frater
1071 2181 1348 2221 Laurentius
1396 2181 1640 2232 Branderi,
1695 2181 1854 2221 habito
1901 2181 2095 2221 consilio

437 2264 543 2291 cum
586 2253 680 2292 suis
721 2253 938 2293 fratribus
978 2253 1206 2293 dictorum
1249 2253 1387 2293 trium
1431 2257 1763 2304 conuentuum,
1812 2254 1890 2306 qui
1936 2254 2095 2294 vnani-

527 2359 559 2393 1.
592 2358 862 2394 confirmauit
894 2359 944 2402 L;
991 2359 1215 2394 confirmat
1252 2361 1343 2405 (pro
1376 2357 1608 2403 confirmat)
1642 2359 1723 2395 PG.
1785 2359 1845 2394 De
1883 2359 2022 2394 eadem
2056 2369 2097 2394 re

437 2414 578 2450 Petras
607 2414 697 2451 Olczi
730 2416 771 2450 in
803 2415 974 2452 historia
1005 2415 1245 2451 Christierni
1276 2417 1382 2462 reyis
1416 2416 1673 2461 (Collect.fol.
1694 2416 1779 2460 90⁰)
1813 2416 1870 2451 sic
1901 2417 2094 2461 quuitur:

436 2473 554 2507 Anno
597 2472 758 2508 domini
796 2474 901 2509 1468
946 2473 1151 2519 regularis
1184 2474 1457 2509 obseruantia
1499 2485 1583 2519 quo
1627 2474 1676 2508 ad
1719 2474 1868 2508 fratres
1910 2474 2095 2508 minores

437 2529 677 2565 introducta
696 2530 774 2565 fuit
792 2531 834 2565 in
856 2531 1032 2566 Daniam
1053 2541 1127 2576 per
1145 2531 1427 2566 reuerendum
1447 2534 1607 2577 patrem
1629 2531 1799 2566 fratrem
1822 2531 2094 2565 Laurentium

439 2586 655 2631 Branderi,
701 2588 794 2633 ipso
836 2597 932 2634 rege
971 2588 1021 2623 ad
1062 2588 1172 2623 idem
1213 2599 1376 2623 summe
1418 2591 1513 2634 post
1546 2598 1683 2634 regem
1718 2588 1794 2623 celi
1829 2591 2093 2634 cooperante.

419 2643 573 2686 ‹Quam
607 2644 922 2680 obseruantiam
957 2645 1073 2688 fouit,
1106 2646 1288 2690 protexit
1320 2648 1359 2680 et
1391 2646 1504 2680 auxit
1538 2656 1669 2691 vsque
1701 2645 1751 2679 ad
1786 2649 1963 2680 mortem
1998 2645 2095 2680 totis

439 2700 600 2736 viribus
633 2705 671 2736 et
704 2702 938 2738 conatibus.
1001 2703 1038 2739 2.
1073 2702 1175 2737 feria
1209 2705 1295 2745 eto,
1329 2703 1351 2738 i.
1387 2713 1415 2737 e.
1452 2703 1511 2738 15.
1544 2703 1607 2737 die
1634 2701 1877 2737 Decembris,
1941 2703 1974 2737 9.
2004 2704 2098 2747 post

438 2758 611 2793 Zanetto
639 2759 668 2793 P
697 2759 860 2805 siynum
895 2759 1016 2795 habet
1045 2759 1291 2806 omissionis,
1325 2770 1404 2804 quo
1437 2760 1478 2794 in
1513 2771 1641 2804 mars).
1670 2760 1810 2794 iterato
1841 2762 1977 2804 postea
2003 2759 2093 2794 add.

441 2813 559 2850 verba
600 2825 684 2860 sqq.
718 2819 1110 2862 vt..ru1nperetur.
1191 2817 1252 2851 11.
1287 2817 1362 2862 vig.
1398 2817 1556 2861 Penth.,
1604 2817 1625 2851 i.
1658 2827 1685 2851 e.
1722 2817 1782 2851 16.
1816 2815 1932 2862 Mais,
1980 2819 2094 2851 sexta

439 2870 463 2906 f.
497 2875 582 2915 etc,
617 2872 636 2907 i.
667 2883 695 2908 e.
730 2873 793 2908 29.
822 2873 943 2920 Mczijg
980 2873 1176 2909 Lindbaek
1209 2876 1344 2909 tamen
1378 2875 1432 2919 (p.
1457 2873 1548 2919 285,
1585 2875 1660 2908 not.
1687 2873 1784 2917 297)
1818 2873 1990 2908 ostendit
2019 2873 2096 2908 Iioc

441 2939 553 2963 anno
593 2929 755 2964 demum
791 2930 895 2966 1473
938 2931 1001 2966 die
1035 2930 1098 2966 18.
1129 2930 1248 2976 Junij
1285 2930 1440 2975 factum
1474 2941 1564 2966 esse.
1647 2931 1707 2965 15.
1743 2930 1809 2964 die
1842 2931 1973 2965 Anim.
2008 2931 2030 2965 i.
2065 2940 2094 2965 e.

439 2984 474 3019 2.
502 2983 767 3030 Nouembris;
801 2987 919 3023 verba
953 2987 993 3022 in
1027 2998 1158 3033 mar-q.
1187 2988 1329 3023 dextro
1360 2988 1500 3023 addita
1533 2989 1637 3022 sunt.
1705 2988 1764 3022 17.
1798 2988 1979 3023 ministri
2007 2986 2093 3032 PG3

439 3042 631 3078 minister
664 3043 703 3078 L.
