2242 3551
460 237 518 265 DE
550 236 832 265 EXPVLSlONE
865 235 1077 265 FRATRVM
1111 236 1319 265 MINORVM
1635 227 1717 265 359

59 351 426 394 ¹Concordantias
475 351 673 391 maiores
712 350 853 391 biblie
893 349 939 390 in
978 363 1206 402 pressura,
1253 364 1369 404 quas
1416 350 1565 391 eidem
1612 364 1717 391 con-

57 424 196 465 cessit
227 423 454 477 prefectus
485 423 699 475 ciuitatis,
745 435 852 463 cum
893 422 1222 474 protestatione
1261 427 1415 464 tamen
1447 424 1715 464 restituendi

61 502 266 550 tempore
292 509 388 537 suo.
437 497 549 537 Item
577 496 700 536 idem
717 496 882 548 Jasper
911 494 1075 534 habuit
1106 494 1242 536 etiam
1277 496 1494 549 puluinar
1526 496 1715 548 longum

60 570 116 610 de
148 569 445 610 concessione
478 568 684 609 eiusdem
717 567 917 621 prefecti.
952 569 1022 608 ἅό.

147 642 243 682 Hec
273 642 329 682 de
361 645 594 683 conuentu
629 640 986 681 Halmstadensi.
1017 639 1029 694 Η
1743 649 1762 679 5

361 837 468 890 Cap.
503 837 601 877 ΧΗ.
627 834 639 891 Η
666 837 739 877 De
773 837 1068 878 Conuentu
1101 836 1420 878 Ystadensi.
1743 846 1891 881 f01.23V.

158 909 393 987 Historia
440 956 493 985 ac
539 945 708 984 modus
750 943 1139 984 inhumanissime
1185 956 1239 984 ac
1286 943 1568 985 flebilissime
1616 958 1717 998 pro-

59 1017 306 1070 fligationis
339 1030 417 1058 seu
446 1017 730 1070 expulsionis
753 1017 945 1057 fratrum
974 1016 1209 1057 minorum
1234 1017 1415 1058 cenobii
1434 1018 1715 1068 Ystadensis,

58 1103 182 1131 anno
215 1090 392 1130 domini
426 1091 548 1130 1532.
589 1089 635 1130 in
677 1090 878 1143 profesto
911 1089 1297 1130 Annunciationis
1337 1090 1591 1131 christifere
1632 1091 1717 1132 vir-

58 1163 176 1215 ginis
207 1163 404 1215 gloriose
429 1162 571 1203 Marie
603 1176 628 1203 a
662 1167 784 1203 secta
810 1162 1117 1203 Lutheranica
1150 1162 1279 1203 facte.
1330 1163 1381 1203 In
1414 1164 1715 1217 sequentibus
1744 1171 1784 1202 10

59 1235 278 1276 omnibus
310 1239 353 1276 et
384 1235 576 1287 singulis
609 1249 797 1289 presens
830 1235 1053 1289 scriptum
1086 1235 1343 1286 legentibus
1379 1237 1498 1277 clare
1531 1237 1715 1290 patebit,

52 1322 198 1363 quam
231 1309 373 1362 impie
405 1322 639 1363 quamque
672 1308 1105 1349 inchristianissime
1138 1312 1237 1349 acta
1271 1308 1368 1350 fuit.

144 1381 300 1423 Primo
348 1382 607 1422 notandum
654 1385 734 1432 est,
781 1382 905 1435 quod
953 1385 1058 1422 ante
1104 1381 1474 1434 profligationem
1521 1383 1714 1424 fratrum

51 1455 182 1496 vciues
216 1454 512 1495 Lutheranici
551 1455 668 1495 duas
712 1454 939 1495 notabiles
971 1454 1215 1495 violentias
1247 1454 1465 1496 fratribus
1497 1456 1716 1508 fecerunt,

55 1541 150 1568 non
184 1528 394 1568 obstante
426 1527 734 1580 appellatione
766 1527 824 1567 ad
857 1528 1145 1568 maiestatem
1178 1527 1350 1579 regiam
1385 1532 1427 1568 et
1457 1529 1585 1580 regni
1612 1542 1715 1570 con·
1745 1534 1785 1566 15

52 1599 213 1641 silium
245 1614 271 1641 a
303 1599 522 1640 fratribus
554 1599 682 1653 prius
716 1599 888 1653 pluries
919 1600 1051 1641 facta.
1113 1599 1268 1640 Prima
1301 1614 1468 1654 nempe
1499 1602 1715 1643 violentia

56 1673 155 1725 fuit,
201 1674 324 1727 quod
374 1676 496 1713 secta
544 1671 834 1724 Luteranica,
881 1672 1113 1714 diabolico
1162 1677 1203 1714 et
1250 1673 1504 1715 furibundo
1552 1675 1715 1728 spiritu

57 1746 224 1798 agitata
270 1758 324 1786 ac
369 1745 551 1798 inflata⁷
595 1746 654 1786 ad
702 1745 1037 1786 monasterium
1085 1750 1296 1787 nostrum
1345 1746 1468 1787 venit
1515 1751 1557 1788 et
1602 1747 1714 1788 illud

57 1818 361 1859 circumdedit
391 1818 704 1872 violenterque
736 1818 906 1858 intrare
948 1818 1196 1859 cenobium
1239 1823 1403 1860 conata
1438 1820 1542 1870 fuit3
1589 1821 1713 1873 quod

50 1891 195 1932 etiam
227 1891 453 1943 fecissent,
489 1890 578 1931 nisi
610 1891 771 1931 fratres
804 1895 985 1944 portam
1017 1895 1059 1932 et
1091 1891 1279 1932 ecclesie
1312 1892 1473 1932 valuas
1505 1892 1715 1933 trabibus
1742 1899 1784 1929 20

49 1976 111 2005 ac
162 1964 341 2016 magnis
395 1964 528 2016 lignis
585 1964 911 2004 obfirmassent
964 1968 1007 2004 et
1060 1964 1361 2017 personaliter
1407 1965 1711 2006 resistentiam

58 2036 310 2077 maximam
340 2036 566 2077 fecissent.
613 2037 826 2076 Attamen
846 2036 1098 2077 Lutherani
1121 2034 1133 2091 Η
1157 2036 1319 2089 prefati
1353 2037 1507 2090 plures
1540 2041 1887 2078 asseres·fol.24‘.

50 2109 113 2150 de
144 2108 292 2149 valuis
326 2109 644 2161 confregerunt
676 2112 730 2160 et,
778 2108 933 2149 fractis
975 2109 1033 2149 ab
1073 2108 1138 2149 eis
1177 2109 1364 2162 sepibus
1404 2110 1524 2150 circa
1557 2123 1715 2151 mona-

59 2181 261 2232 sterium,
308 2181 355 2221 in
403 2182 578 2222 curiam
628 2195 871 2222 seruorum
913 2182 1158 2222 irruerunt.
1222 2181 1466 2222 Introitum
1507 2195 1615 2223 vero
1656 2184 1714 2224 ad

57 2254 273 2295 interiora
320 2254 588 2295 monasterii
635 2254 854 2295 fratribus
900 2254 1245 2295 obluctantibus
1292 2267 1385 2295 non
1425 2255 1712 2304 habuerunt;
1740 2263 1782 2293 25

51 2327 117 2368 ob
156 2340 297 2381 quam
338 2340 529 2368 causam
568 2328 713 2368 multa
753 2340 806 2368 ac
846 2328 1092 2367 innumera
1134 2327 1338 2368 conuitia
1371 2327 1712 2381 obprobriaque

49 2399 248 2440 ¹>auribus
269 2400 463 2441 fratrum
486 2400 850 2447 inculcauerunt,
872 2400 1083 2441 vocando
1106 2412 1182 2440 eos
1201 2400 1474 2451 homicidas,
1498 2399 1712 2451 latrones,

58 2472 193 2524 fures,
226 2473 544 2525 sanguisugos,
578 2485 759 2513 necnon
786 2472 1049 2513 animarum
1075 2471 1387 2512 interfectores
1415 2476 1456 2511 et
1483 2480 1515 2512 ὃ.
1564 2472 1712 2512 Aliam

58 2545 324 2586 violentiam
349 2545 486 2586 etiam
514 2545 732 2586 fratribus
758 2545 963 2586 fecerunt
982 2544 1234 2585 Lutherani
1259 2544 1466 2598 predicti,
1498 2545 1713 2585 intrando

58 2617 389 2658 monasterium
422 2622 464 2658 et
499 2618 655 2659 omnia
689 2618 810 2659 bona
843 2622 1100 2658 conuentus
1133 2618 1188 2657 de
1222 2630 1347 2657 nouo
1379 2617 1714 2658 conscribendo
1741 2626 1784 2657 30

52 2690 232 2743 absque
264 2690 461 2731 alicuius
492 2690 842 2739 commissione3
879 2704 971 2743 quo
1003 2694 1209 2742 tempore
1242 2689 1431 2742 quidam
1467 2689 1713 2731 Seuerinus

49 2761 192 2816 ..leipss
240 2767 282 2803 et
327 2763 445 2804 alius
491 2763 620 2815 ciuis,
668 2764 895 2815 Inguarus
942 2763 1144 2814 nomine,
1196 2761 1360 2801 ianuas
1408 2766 1449 2802 et
1496 2775 1620 2802 seras
1666 2762 1712 2802 in

146 2921 180 2954 4.
213 2919 276 2955 διδ.
305 2929 384 2954 om.
412 2919 456 2955 K.
519 2920 554 2955 9.
580 2919 751 2966 profest.
773 2920 961 2955 Annunc.
979 2918 1104 2954 224.
1122 2917 1273 2964 Martis.
1336 2919 1399 2954 20.
1428 2918 1625 2953 fecissent
1643 2918 1713 2959 W;

61 2974 225 3011 fecisset
257 2976 340 3020 BC,
383 2976 451 3011 sed
483 2977 524 3012 in
559 2976 592 3012 C
624 2986 726 3012 corr.
758 2976 903 3012 Arnas.
981 2977 1044 3012 22.
1078 2976 1222 3022 plures
1254 2974 1417 3022 scripsi;
1459 2974 1616 3021 pluries
1649 2975 1712 3011 W.

53 3031 125 3068 32.
158 3029 273 3080 ieipss
305 3033 376 3078 W;
407 3033 583 3079 Jeipsun
618 3033 707 3077 1303
742 3034 834 3069 item
868 3033 907 3068 in
941 3044 1024 3079 sqq.
