2242 3551
411 243 645 275 Exonva
681 244 956 276 MONASTERH
991 245 1119 274 CARAE
1152 245 1324 274 1NvaAE
1613 232 1695 272 253

44 361 340 405 considerans
372 372 452 412 per
472 359 648 399 Marthe
681 359 1038 399 sollicitudinem
1068 359 1408 412 prouidendum
1436 371 1534 399 esse
1554 358 1696 398 Marie

43 433 195 490 quieti,
228 437 277 473 ut
308 431 482 473 orantis
513 431 655 472 Marie
687 431 916 483 suffragiis
949 431 1196 483 satagentis
1226 432 1402 472 Marthe
1435 430 1696 471 sollicitudo

45 504 280 557 ministerij
329 504 580 555 iuuaretur,
627 517 684 544 ne
725 504 921 544 alicuius
965 504 1231 544 temeritatis
1279 504 1491 544 incursus
1541 507 1697 543 sancte

44 576 445 630 contemplationis
482 576 728 617 sabbatum
769 577 1068 629 perturbaret,
1116 577 1324 617 ordinem
1365 576 1519 629 ipsum
1560 575 1698 628 priui-

44 650 266 704 legiorum
314 653 356 689 et
401 649 803 701 indulgenciarum
851 648 1141 703 prerogatiua
1190 648 1402 689 muniuit.
1496 648 1602 699 Sed,
1651 652 1698 687 ut
1723 653 1742 683 5

44 724 249 765 dolentes
288 721 568 775 accepimus,
615 735 707 762 non
748 722 863 762 nulli
901 722 957 762 de
988 720 1092 774 hijs,
1139 721 1217 774 qui
1251 734 1326 761 eos
1360 721 1619 761 debuerunt
1650 720 1696 760 in

46 795 211 838 Christi
244 794 500 835 uisceribus
534 794 685 835 carius
727 793 980 848 amplexari
1021 797 1062 834 et
1100 792 1404 834 fauorabilius
1437 792 1698 844 confouere,

45 869 167 922 ipsos
206 867 442 908 inmanius
481 871 831 921 persequuntur.
896 866 962 906 Ex
1001 865 1323 906 inconculcata
1358 865 1479 905 enim
1514 866 1697 919 querela

45 939 223 982 abbatis
269 943 311 980 et
357 943 615 980 conuentus
661 940 717 980 de
765 939 880 981 Cara
930 939 1084 979 Insula
1133 938 1462 991 Cysterciensis
1509 938 1698 990 ordinis,

46 1011 302 1054 Arusiensis
348 1012 578 1065 dyocesis,
631 1011 892 1066 frequenter
938 1011 1227 1062 audiuimus,
1282 1011 1406 1064 quod
1454 1010 1698 1063 episcopus
1728 1016 1767 1047 10

45 1084 301 1126 Arusiensis
333 1088 376 1125 et
407 1084 609 1125 fautores
641 1084 863 1137 eiusdem,
910 1097 1070 1125 eorum
1112 1082 1352 1137 priuilegia
1393 1087 1562 1123 temere
1594 1096 1699 1123 con-

45 1160 343 1211 tempnentes‚
376 1157 632 1210 predictum
666 1156 1000 1198 monasterium
1033 1161 1126 1197 tam
1162 1168 1241 1209 per
1264 1156 1467 1209 dampna
1491 1156 1537 1196 in
1564 1155 1699 1196 rebus

47 1243 184 1285 quam
218 1243 297 1284 per
327 1229 604 1283 multiplices
630 1229 822 1270 iniurias
846 1230 892 1270 in
918 1229 1141 1283 personis,
1173 1233 1267 1269 tam
1292 1228 1500 1282 ipsorum
1525 1228 1702 1281 religio-

47 1316 202 1344 sorum
234 1315 375 1357 quam
408 1302 654 1343 hominum
688 1302 786 1343 siue
818 1303 1091 1344 colonorum
1125 1314 1332 1353 suorum,
1363 1301 1425 1341 ita
1458 1301 1702 1342 crudeliter

47 1375 320 1426 afflixerunt,
367 1379 417 1415 ut
448 1375 536 1428 ipsi
569 1375 736 1427 coloni,
781 1375 1113 1429 persecutionis
1145 1375 1330 1428 pondus
1362 1373 1477 1414 ferre
1510 1374 1701 1414 ulterius
1730 1379 1770 1409 15

46 1461 139 1489 non
171 1448 390 1500 ualentes,
421 1452 564 1489 terras
597 1461 757 1489 eorum
790 1448 985 1489 incultas
1017 1449 1243 1498 deserant,
1283 1451 1325 1488 et
1356 1446 1509 1500 ipsum
1545 1459 1701 1487 mona-

48 1521 234 1562 sterium
290 1524 356 1561 tot
409 1524 452 1561 et
504 1521 641 1561 tantis
698 1520 879 1574 iniurijs
926 1521 1178 1562 laceratum
1226 1520 1354 1560 finali
1401 1519 1701 1560 destructioni

47 1593 309 1648 proximum
342 1593 568 1643 uideatur,
612 1593 700 1635 nisi
732 1593 775 1635 ei
804 1594 939 1635 celeri
971 1593 1175 1634 remedio
1209 1596 1517 1634 succurratur.
1581 1592 1702 1642 Quo·

48 1665 165 1707 circa
204 1666 469 1707 discretioni
511 1671 659 1708 uestre
698 1680 789 1721 qua
829 1666 1067 1718 fungimur
1104 1665 1374 1706 auctoritate
1407 1665 1701 1714 mandamus,

48 1738 264 1793 quatinus
318 1738 533 1792 predictis
589 1739 745 1780 abbati
797 1743 839 1781 et
891 1739 1140 1780 conuentui
1189 1751 1242 1779 ac
1288 1737 1558 1778 hominibus
1605 1736 1701 1777 siue
1728 1744 1770 1774 20

49 1811 221 1852 colonis
273 1811 482 1865 ipsorum
531 1816 691 1854 contra
737 1811 1009 1853 huiusmodi
1054 1815 1374 1866 persequtores
1421 1808 1703 1850 defensionis

49 1883 246 1938 presidio
278 1884 515 1937 assistatis,
553 1898 647 1926 non
679 1885 993 1938 permittentes
1026 1897 1103 1925 eos
1136 1884 1182 1924 in
1217 1883 1426 1937 personis
1460 1883 1532 1923 uel
1563 1882 1702 1922 rebus

49 1956 105 1996 ab
167 1956 399 2011 aliquibus
459 1957 661 1999 indebite
719 1957 977 2007 molestari,
1039 1956 1151 2010 quin
1206 1956 1367 2009 pocius
1420 1959 1701 1995 memoratos

49 2028 337 2071 iniuriatores
378 2029 476 2071 siue
515 2030 845 2081 molestatores,
892 2034 942 2070 ut
988 2042 1125 2082 super
1171 2028 1387 2082 dampnis
1436 2032 1476 2067 et
1522 2026 1701 2080 iniurijs

49 2100 138 2142 iam
186 2101 324 2143 illatis
370 2103 656 2144 satisfaciant
702 2105 1027 2156 competenter,
1074 2114 1283 2152 censura,
1332 2113 1423 2155 qua
1470 2099 1700 2150 conuenit,
1727 2107 1770 2137 25

51 2175 346 2228 compellatis.
409 2176 566 2216 Testes
598 2179 753 2217 autem
785 2175 877 2228 qui'
898 2173 1065 2215 fuerint
1099 2173 1339 2225 nominati,
1387 2173 1423 2213 si
1465 2186 1512 2213 se
1544 2172 1723 2224 grafia,

51 2246 155 2287 odio
183 2248 256 2288 uel
278 2247 443 2289 timore
468 2247 791 2300 subtraxerint,
824 2259 1018 2288 censura
1044 2246 1184 2287 simili
1209 2245 1497 2299 compellatis
1522 2244 1701 2285 ueritati

51 2318 361 2361 testimonium
410 2321 664 2374 perhibere.
744 2321 913 2361 Datum
959 2319 1297 2371 Maegdeborgh,
1345 2319 1477 2358 Anno
1524 2317 1702 2358 domini

52 2380 256 2433 ‚n‘i.c⁰clx.v1.
301 2404 349 2433 1J.
400 2393 466 2434 ΚῘ.
517 2391 807 2444 Decembris,
864 2391 1159 2445 pontificatus
1215 2390 1392 2431 domini
1440 2386 1699 2443 Cleflmentis
1728 2387 1886 2424 F01.41²“.

8 2502 11 2505 .
52 2475 166 2517 pape
198 2476 280 2505 ιω.
313 2477 436 2506 anno
470 2466 712 2506 secundo«
1705 2468 1748 2499 30

174 2611 307 2657 (XLI.)
369 2613 523 2648 Littera
556 2612 718 2648 domini
750 2612 939 2659 episcopi
973 2611 1273 2648 Slaeswicensis
1306 2610 1356 2646 ad
1390 2610 1575 2656 priorem

610 2681 924 2728 predicatorum
958 2681 999 2716 in
1032 2681 1149 2716 Arus.

143 2749 377 2838 »Bondo,
418 2785 490 2826 dei
530 2785 674 2838 gratia
707 2785 1032 2826 Slaeswicensis
1065 2784 1324 2838 episcopuS,
1371 2783 1569 2823 discreto
1602 2783 1704 2823 uiro

56 2855 193 2907 priori
224 2857 565 2911 predicatorum
597 2857 642 2898 in
676 2858 794 2898 Arus
826 2858 1021 2898 salutem
1054 2857 1101 2897 in
1134 2856 1325 2897 domino
1361 2855 1702 2908 sempiternam.

143 2956 175 2991 1.
214 2955 376 2993 Marthe
401 2986 406 2992 .
433 2986 439 2992 .
468 2955 608 2999 Marie,
653 2955 724 3002 cfr.
767 2955 860 2992 Luc.
895 2956 958 2999 10,
978 2955 1031 2991 38
1046 2965 1130 3001 sqq.
1209 2955 1243 2990 6.
1284 2953 1459 2989 debuert
1500 2951 1565 2995 CB,
1612 2953 1634 2988 i.
1672 2962 1701 2987 e.

57 3009 290 3048 debuerunt
325 3012 573 3059 (Lanyebeloe
620 3013 879 3058 debuerant).
955 3014 989 3049 7.
1024 3013 1185 3048 viscera
1227 3014 1291 3056 (z
1315 3011 1498 3055 dilectio)
1531 3009 1703 3046 Christi:

57 3066 227 3115 Philipp.
264 3070 300 3115 1,
319 3070 353 3105 8.
432 3071 464 3106 8.
512 3073 827 3116 persequuntur
872 3070 1038 3117 scripsi3
1086 3072 1396 3116 persequentur
1435 3066 1498 3105 CS.
1596 3068 1703 3103 inco—

59 3124 216 3162 culcata
248 3127 346 3172 quid
377 3127 586 3173 significet,
635 3128 792 3172 nescio;
836 3138 891 3162 cm
932 3126 1189 3162 scribendum
1235 3128 1321 3161 erat
1352 3125 1573 3168 inculcata,
1621 3126 1642 3160 ι’.
1675 3136 1702 3160 e.

60 3183 211 3228 saepius
243 3185 444 3230 repetita‘?
509 3185 568 3221 18.
602 3185 637 3219 ei
669 3185 743 3228 (vel
775 3184 849 3228 eis)
881 3183 1031 3230 sc1·1·b0;
1065 3195 1111 3218 ex
1147 3181 1210 3219 CS.
