2242 3551
405 1001 445 1032 10

408 1363 449 1394 15

410 1725 452 1756 20

414 2089 456 2120 25

466 216 549 255 462
812 223 1089 253 SCRIPTORES
1122 222 1350 251 HlsromAE
1382 222 1561 251 DANmAE
1594 222 1793 251 MINORES

469 339 772 394 opprobrium
807 337 1155 391 sempiternum,
1195 337 1285 377 nisi
1318 337 1487 377 uirtute
1519 335 1679 376 diuina
1711 340 1960 389 reparetur,
2004 338 2130 391 quod

469 412 666 466 peccatis
722 411 889 451 nostris
944 409 1229 461 exigentibus
1286 409 1563 462 dissipatum
1617 413 1683 449 est
1736 412 1778 448 et
1829 410 2131 450 destructum.

471 484 658 525 Flebilis
705 484 779 523 ille
827 495 962 523 casus
1002 486 1044 523 et
1083 482 1357 523 scandalum
1398 481 1704 522 intollerabile
1745 481 2134 534 Christianorum,

470 558 592 611 quod
620 556 789 597 nostris
813 556 1025 596 dolemus
1053 554 1275 595 accidisse
1298 554 1601 607 temporibus,
1634 553 1846 593 omnium
1874 554 1922 594 in
1949 554 2135 595 Christo-

471 628 757 670 credentium
791 629 931 668 corda
963 628 1183 679 turbauit,
1231 627 1357 680 quod
1392 626 1716 678 Hierosolyma
1758 626 1985 679 uidelicet,
2032 627 2135 668 reli·

470 701 618 753 gionis
660 700 919 742 Christiane
966 700 1247 753 principium
1296 703 1338 739 et
1386 699 1537 739 natale
1584 699 1737 739 solum
1784 699 2006 751 unigeniti
2050 699 2133 740 filii

472 775 557 825 dei,
605 787 707 827 que,
755 773 985 826 presentia
1024 771 1328 812 humanitatis
1360 772 1471 812 Jesu
1506 771 1675 812 Christi
1716 776 1758 812 et
1799 772 2133 813 miraculorum

473 846 569 887 eius
602 846 759 898 gloria,
793 858 881 898 que
905 845 1056 897 gessit,
1090 844 1292 885 sanctior
1316 844 1630 897 illustriorque
1654 844 1831 885 cunctis
1854 844 2138 897 regionibus,

473 917 765 959 eminentiori
798 917 1017 969 dignitate
1050 917 1266 970 pollebat,
1299 916 1455 966 eiecto,
1488 916 1634 956 immo
1667 917 1910 969 trucidato,
1946 918 2138 970 populo,

473 991 605 1032 cuius
628 995 695 1031 est
715 990 934 1031 dominus
958 991 1070 1030 deus
1094 989 1205 1042 eius,
1229 990 1417 1042 populo,
1446 1002 1584 1043 quem
1610 989 1741 1042 elegit
1760 990 1808 1029 in
1833 990 2135 1030 hereditatem

474 1064 575 1116 sibi,
602 1075 890 1117 paganorum
908 1062 1246 1102 inhabitatione
1264 1061 1455 1102 fedatur.
1494 1061 1704 1115 Denique
1723 1061 2003 1103 Dauidicum
2023 1062 2135 1101 illud

474 1136 748 1177 uaticinium
770 1134 1057 1175 lamentabili
1079 1147 1258 1175 merore
1276 1133 1558 1187 permixtum
1576 1134 1669 1174 iam
1688 1135 1972 1188 completum
1995 1134 2141 1175 cerni-

474 1222 579 1249 mus
612 1221 751 1262 supra
778 1221 919 1262 quam
943 1208 1068 1261 quod
1092 1207 1308 1259 legimus:
1347 1207 1644 1247 »Polluerunt
1670 1208 1896 1260 templum
1924 1211 2136 1248 sanctum

474 1286 607 1322 tuum
632 1285 739 1322 etc«
799 1280 1016 1321 Ieremias
1049 1293 1235 1333 quoque
1268 1279 1602 1332 presentialiter
1634 1279 1927 1331 lamentatur,
1961 1280 2139 1320 dicens:

481 1354 586 1395 »Vie
620 1354 729 1394 Sion
762 1354 931 1404 lugent,
979 1365 1031 1393 eo
1064 1353 1188 1406 quod
1223 1365 1316 1393 non
1350 1352 1453 1403 sint,
1500 1351 1579 1405 qui
1612 1352 1803 1392 ueniant
1834 1354 1891 1393 ad
1926 1353 2142 1393 solemni-

476 1431 655 1467 tatem.«
723 1426 879 1478 Cuius,
923 1425 996 1466 uel
1029 1425 1167 1474 saxei,
1215 1425 1300 1465 hec
1332 1424 1561 1465 audientis
1594 1424 1953 1466 fundamentum
1987 1425 2143 1465 cordis

478 1512 571 1539 non
604 1498 878 1550 concutitur,
913 1502 961 1538 ut
987 1501 1263 1550 prorumpat
1287 1497 1334 1537 in
1361 1497 1625 1549 lachrymas
1651 1501 1693 1537 et
1719 1497 1974 1549 singultus?
2023 1497 2140 1539 Cum

479 1572 616 1623 igitur
652 1572 737 1611 hec
777 1571 897 1610 mala
931 1570 1211 1623 principium
1247 1573 1493 1620 sumerent,
1542 1573 1591 1609 ut
1633 1569 1832 1622 proditio
1872 1570 2000 1610 fieret
2032 1569 2143 1610 ciui-

478 1644 584 1684 tatis
616 1647 786 1695 sancte,
818 1643 1066 1683 infidelitas
1100 1655 1125 1682 a
1158 1642 1254 1682 suis
1287 1642 1468 1682 ciuibus
1502 1642 1698 1694 sumpsit
1732 1643 1995 1692 exordium,
2033 1642 2141 1696 quia

480 1729 617 1757 nemo
655 1716 784 1769 peior
823 1729 962 1770 quam
1004 1715 1287 1756 domesticus
1326 1714 1557 1754 inimicus.
1622 1714 1716 1755 Nec
1746 1716 1772 1764 †
1815 1715 1969 1755 subito
2003 1716 2145 1756 latere

481 1789 711 1829 mundum
752 1788 913 1841 potuit,
961 1788 1085 1841 quod
1124 1787 1171 1827 in
1219 1786 1372 1827 medio
1421 1786 1585 1826 mundi
1632 1787 1865 1838 agebatur.
1928 1788 2143 1828 Flamma

482 1861 605 1902 enim
632 1860 749 1913 ignis
773 1860 920 1913 iniqui
951 1860 1132 1900 fumum
1166 1859 1341 1900 horridi
1376 1859 1575 1899 rumoris
1609 1860 1666 1899 ad
1700 1859 1919 1900 uniuersa
1950 1860 2146 1901 circum·

482 1947 665 1987 quaque
712 1945 851 1985 regna
897 1932 1208 1982 diffundebat3
1256 1935 1297 1971 et
1345 1932 1498 1972 subito
1542 1932 1802 1972 Romanam
1844 1934 1999 1973 sedem
2049 1946 2142 1973 non

482 2006 628 2058 latuit,
675 2005 895 2060 quicquid
943 2004 1266 2045 transmarinis
1313 2004 1522 2057 partibus
1570 2004 1717 2044 uirtus
1765 2016 1944 2057 pagana
1984 2009 2143 2045 contra

483 2078 639 2118 diuine
687 2078 989 2118 institutionis
1028 2077 1297 2128 religionem
1346 2077 1591 2117 nitebatur.
1654 2077 1776 2126 Quid
1819 2077 1956 2129 igitur
1992 2081 2147 2129 ageret

484 2154 623 2203 caput
660 2150 880 2203 corporis,
927 2149 1178 2203 amputatis
1217 2148 1559 2189 decentioribus
1600 2149 1835 2201 membris,
1882 2149 1971 2189 nisi
2005 2149 2147 2190 medi-

485 2223 636 2263 cinam
670 2236 860 2276 querere
892 2221 1175 2263 curationis?

574 2332 608 2368 3.
654 2332 921 2368 intolerabile
970 2332 1057 2369 MA.
1151 2332 1299 2367 9—11.
1348 2331 1509 2377 populo
1543 2361 1549 2367 .
1583 2360 1590 2367 .
1623 2331 1724 2367 sibi:
1787 2330 1936 2367 Psalm.
1976 2331 2046 2372 32,
2082 2331 2144 2367 12,

490 2400 665 2436 10—11.
698 2401 740 2436 in
773 2401 861 2436 her.
893 2400 973 2436 sibi
1009 2386 1055 2449 [is]
1089 2400 1137 2445 o,
1168 2400 1237 2436 sed
1269 2385 1285 2436 is
1316 2400 1389 2435 del.
1424 2397 1504 2444 Μὴ
1536 2400 1577 2435 in
1611 2400 1697 2436 her.
1731 2399 1811 2435 sibi
1844 2402 2031 2435 sanctam
2064 2400 2147 2444 KL,

487 2457 555 2492 sed
598 2457 708 2493 verbi
749 2461 937 2494 sanctam
981 2457 1022 2493 in
1054 2456 1090 2494 Ο
1130 2457 1292 2493 nullum
1331 2458 1388 2492 est
1419 2456 1644 2503 vestigium,
1693 2467 1766 2492 nec
1805 2456 1847 2492 in
1878 2456 2028 2492 Psalm.
2063 2457 2085 2492 l.
2119 2457 2145 2493 l.

487 2514 643 2560 legitur.
736 2516 914 2550 11—12.
962 2515 1111 2551 Dauid.
1161 2517 1263 2551 uat.:
1319 2513 1469 2550 Psalm.
1513 2513 1574 2559 78,
1604 2514 1638 2550 1.
1732 2514 1794 2550 13.
1841 2524 1970 2560 supra
2016 2525 2144 2560 quam

492 2586 537 2602 Ξ
560 2572 690 2618 magis
722 2573 798 2616 (vel
829 2573 965 2618 peius)
1007 2572 1131 2608 etiam
1164 2582 1304 2618 quam.
1382 2571 1445 2606 14.
1478 2574 1552 2607 etc.
1585 2581 1664 2607 om.
1700 2571 1741 2607 S.
1834 2571 2053 2607 Ieremias:
2101 2571 2145 2606 in

492 2628 660 2664 Threnis
690 2629 724 2674 1,
745 2629 779 2666 4.
846 2630 908 2665 15.
938 2630 1018 2674 Vae,
1050 2630 1162 2673 Sion,
1194 2629 1273 2673 1,(3)
1306 2628 1345 2664 S.
1411 2628 1471 2663 17.
1506 2628 1750 2664 lachrumas
1783 2628 1874 2664 MK.
1940 2628 2001 2664 19.
2035 2639 2146 2663 sum-

461 2684 541 2721 'sit
588 2686 676 2731 MA,
721 2688 759 2721 et
801 2686 859 2722 sic
902 2686 1063 2732 saepius.
1142 2686 1206 2722 20.
1253 2686 1428 2721 domest.
1474 2685 1691 2723 inimicus:
1739 2684 1811 2730 cfr.
1852 2684 1997 2720 Michoe
2038 2684 2071 2730 7,
2101 2685 2148 2729 6,-

489 2742 630 2778 Matth.
664 2743 729 2791 10,
749 2743 799 2779 35
815 2754 872 2789 sq.
964 2744 1105 2779 subito
1138 2743 1186 2787 Ο,
1233 2742 1342 2789 quod
1383 2741 1422 2778 It.
1454 2742 1492 2787 1.,
1542 2741 1611 2777 ubi
1650 2742 1808 2778 diutius
1849 2742 2145 2788 expectandum

489 2802 586 2843 erat,
619 2802 857 2845 corruptum
890 2811 972 2836 esse
1005 2800 1181 2844 videtur;
1219 2799 1311 2845 fort.
1344 2810 1394 2835 ex
1425 2810 1459 2837 v.
1493 2799 1545 2834 23
1577 2799 1658 2834 Juzc
1690 2799 1859 2845 irrepsit.
1923 2800 1985 2835 26.
2018 2801 2147 2845 caput

490 2858 696 2902 corporis,
743 2857 764 2893 i.
797 2868 826 2893 e.
868 2857 1062 2893 dominus
1101 2857 1357 2902 apostolicus,
1405 2859 1530 2902 caput
1558 2856 1740 2893 ecclesiae.
1802 2855 2088 2902 Hierosolyma
2120 2866 2146 2891 a

489 2913 686 2949 Saladino
717 2916 835 2959 capta
867 2917 926 2950 est
950 2914 1147 2960 postridie
1176 2913 1263 2949 Kal.
1299 2912 1431 2949 Octob.
1463 2913 1566 2948 anni
1598 2912 1723 2957 1187,·
1760 2912 1968 2948 tristishoc
1997 2912 2147 2948 nuntio

490 2980 709 3006 concussus
744 2970 931 3006 Urbanus
966 2982 1078 3016 papa
1109 2971 1176 3006 III.
1221 2973 1406 3006 mortuus
1448 2972 1506 3005 est
1541 2981 1576 3005 α.
1610 2970 1645 3006 d.
1677 2969 1778 3006 XIII.
1812 2969 1901 3005 Kal.
1932 2968 2143 3014 Nouemb„

492 3027 557 3062 cui
586 3027 766 3073 sequenti
796 3028 860 3063 die
890 3028 1078 3063 successit
1109 3027 1324 3072 Gregorius
1347 3027 1460 3072 VIII„
1493 3026 1564 3073 qui
1593 3027 1678 3062 dies
1709 3029 1868 3062 tantum
1895 3024 2010 3063 LVII
2030 3026 2144 3070 sedit,

495 3093 617 3127 usque
648 3084 701 3118 ad
732 3084 837 3119 diem
871 3084 988 3121 XVII.
1022 3084 1207 3120 Decemb.
