2242 3551
546 194 624 233 146
882 206 1157 235 SCRIPTORES
1190 206 1415 235 HisTomAE
1449 207 1623 235 DANJCAE
1656 208 1855 236 MINORES

628 322 787 358 Oblatae
834 325 872 358 et
914 322 1069 368 Regum
1111 323 1375 369 sequentium
1424 324 1554 359 literae
1596 324 1888 369 immunitatis,
1934 325 2040 361 datae
2088 325 2185 361 huic

543 391 812 436 monasterio,
843 390 1079 427 Valdemari
1112 387 1180 426 IIdi
1212 391 1279 427 &c

748 528 791 576 2.
849 527 925 575 De
958 527 1270 575 fundatione
1305 529 1613 576 monasterii
1646 530 1777 584 Tute
1809 529 1978 577 vallis.

626 632 854 667 Alterum
897 633 959 667 est
997 630 1186 666 fundatio
1226 632 1469 667 monasterii
1510 632 1628 668 Tutae
1670 633 1800 676 vallis,
1849 633 2004 668 Danice
2045 633 2183 668 Twis.

543 700 601 735 De
649 702 727 736 hac
774 700 941 736 literae
986 700 1142 735 Ducis
1184 700 1386 736 Burisii
1435 701 1763 745 fundaticiae,
1810 712 1905 747 quae
1952 711 2187 746 occurrere,

541 769 650 803 hanc
682 769 899 804 sententiae
932 768 1089 804 habent
1120 779 1347 804 summam:

631 858 724 909 »Se‚
750 857 1116 898 considerantem
1143 861 1237 897 tam
1261 858 1403 910 patris
1427 858 1496 898 sui
1523 871 1663 911 quam
1688 857 1878 898 fratrum
1895 859 2183 912 repentinum

542 934 583 970 et
614 930 922 983 improuisum
956 943 1009 970 ex
1041 931 1127 970 hac
1160 930 1253 970 uita
1284 942 1536 982 excessum,
1568 931 1677 971 item
1703 943 1753 971 ea
1777 931 2110 984 temporalibus
2133 932 2187 972 de

544 1003 676 1043 bonis
719 1016 863 1056 usque
912 1015 1112 1054 manere,
1159 1016 1245 1056 que
1292 1003 1348 1042 ad
1397 1007 1597 1052 eternam
1646 1003 1940 1044 remittuntur
1978 1004 2187 1057 patriam⁷

541 1075 1028 1129 consultissimumque
1067 1088 1164 1115 esse
1202 1076 1257 1115 de
1294 1088 1562 1115 mammona
1596 1075 1848 1129 iniquitatis
1882 1076 2048 1117 Christi
2081 1090 2187 1129 pau—

542 1160 671 1200 peres
703 1147 789 1188 sibi
821 1147 996 1188 amicos
1028 1148 1176 1188 facere
1208 1146 1325 1199 (Luc.
1362 1149 1425 1195 16,
1445 1149 1499 1199 9),
1542 1148 1761 1188 obtulisse
1803 1149 1993 1189 domino
2033 1153 2186 1189 nostro

540 1221 650 1261 ,lesu
678 1220 859 1261 Christo
893 1224 933 1261 et
965 1220 1094 1261 omni
1126 1221 1301 1260 honore
1333 1220 1467 1272 digne
1499 1220 1633 1260 matri
1667 1220 1763 1261 eius
1791 1221 1932 1271 Marie
1964 1221 2187 1274 predium,

541 1293 663 1346 quod
697 1292 865 1333 dicitur
896 1293 1062 1346 Tvisel,
1105 1297 1153 1333 ut
1185 1306 1238 1333 ex
1271 1305 1322 1333 eo
1356 1292 1592 1343 edificetur
1625 1293 2001 1334 Cisterciensibus
2034 1306 2188 1334 mona-

542 1365 742 1415 sterium,
781 1378 1055 1418 sperareque
1088 1378 1170 1418 pro
1203 1365 1275 1405 his
1308 1365 1557 1405 mundanis
1590 1369 1631 1406 et
1662 1365 1875 1418 perituris
1908 1370 2109 1415 eternam
2142 1366 2186 1406 in

541 1437 648 1487 celis
689 1439 880 1478 domum
922 1443 1217 1492 eternamque
1260 1437 1418 1489 uitam,
1464 1437 1720 1478 dummodo
1760 1451 1840 1491 per
1877 1438 2069 1490 gratiam
2116 1438 2187 1478 dei

540 1509 601 1549 ita
635 1523 680 1549 se
713 1520 864 1561 gerere
897 1510 1052 1563 possit,
1086 1514 1135 1550 ut
1159 1523 1325 1550 manus
1352 1510 1450 1550 eius
1475 1509 1657 1550 sinistra
1684 1510 1869 1562 nesciat,
1901 1510 2010 1564 quid
2036 1510 2189 1551 fecerit

542 1583 697 1622 dextra
738 1581 905 1633 (Matth.
941 1583 1050 1635 033),
1097 1583 1186 1623 hoc
1225 1586 1303 1633 est,
1350 1573 1605 1622 dummodo
1649 1583 1939 1623 mundanum
1982 1583 2185 1623 fauorem

542 1655 936 1708 commodumque
968 1655 1149 1695 nullum
1181 1655 1227 1695 in
1260 1668 1313 1696 eo
1346 1655 1433 1695 sibi
1465 1659 1671 1708 quereret
1702 1659 1780 1695 aut
1813 1655 1919 1696 suis.
1980 1655 2033 1695 Ei
2065 1668 2173 1696 uero

542 1727 621 1781 qui
668 1727 911 1767 uiolauerit
957 1728 1045 1768 hoc
1091 1740 1271 1768 sacrum
1320 1740 1512 1779 munus,
1566 1729 1917 1780 exspectandam
1974 1741 2071 1768 esse
2117 1727 2187 1768 dei

544 1812 709 1852 penam
744 1803 785 1840 et
818 1804 1021 1850 eternam
1054 1800 1398 1841 damnationem
1433 1805 1513 1840 etc.

629 1894 778 1930 Literae
818 1895 986 1940 scriptae
1028 1898 1126 1930 sunt
1165 1906 1276 1930 anno
1320 1894 1439 1931 1163.
1502 1895 1614 1930 Idem
1659 1894 1728 1930 ille
1767 1895 1957 1931 Burisius
1999 1897 2071 1940 est⁷
2117 1895 2187 1941 qui

542 1962 595 1998 ob
645 1962 819 1998 insidias
867 1966 1034 2009 paratas
1080 1964 1166 2009 regi
1213 1963 1461 1999 Valdemaro
1509 1963 1576 1998 ΙΠΓΙΟ
1622 1966 1769 2010 captus
1825 1967 1886 1999 est
1939 1966 1978 1999 et
2030 1963 2187 1999 carceri

543 2031 733 2075 traditus,
766 2031 837 2067 ubi
870 2031 981 2067 oculi
1014 2032 1051 2068 ei
1083 2032 1137 2067 ob
1169 2032 1453 2078 proditionem
1486 2034 1525 2067 et
1557 2032 1777 2078 perfidiam
1811 2032 1961 2068 effossi.

628 2100 859 2136 Tertium
899 2103 944 2136 et
983 2101 1214 2136 ultimum
1258 2104 1321 2137 est
1354 2100 1583 2136 evilescens
1615 2101 1766 2137 scilicet
1797 2101 1851 2136 ob
1883 2101 2185 2147 turpitudinem

542 2171 582 2204 et
612 2169 765 2215 flagitia
798 2169 1101 2205 monasterium
1135 2169 1169 2206 S.
1205 2169 1420 2205 Michaelis
1454 2180 1582 2215 penes
1616 2170 1846 2206 Slesvicum
1885 2173 1925 2206 et
1965 2170 2054 2205 eius
2095 2170 2186 2205 loco

542 2247 788 2273 accrescens
841 2238 972 2281 aliud,
1028 2238 1142 2284 quod
1189 2239 1323 2273 Aurea
1379 2238 1599 2274 dicebatur
1646 2239 1797 2274 Insula.
1889 2239 1990 2282 Quae
2043 2238 2093 2274 de
2139 2248 2185 2274 eo

542 2316 767 2342 occurrere
797 2306 907 2342 lectu
941 2307 1077 2353 digna,
1108 2307 1160 2342 ab
1193 2317 1406 2352 anonymo
1438 2306 1624 2353 quodam
1657 2308 1825 2354 scripta,
1857 2308 1910 2343 ita
1944 2310 2116 2346 sonant:

715 2443 759 2490 3.
819 2444 894 2492 De
926 2443 1240 2491 fundatione
1275 2444 1585 2492 monasterii
1618 2444 1791 2493 Auree
1825 2446 2015 2493 Insule.

630 2560 660 2599 I.
708 2524 915 2602 Eximie
947 2559 1166 2600 fatuitatis
1199 2564 1240 2601 et
1263 2560 1556 2601 hebetudinis
1582 2561 1755 2602 insulse
1782 2561 2004 2603 indicium
2038 2565 2104 2601 est
2134 2561 2186 2600 de

542 2632 829 2685 presentibus
863 2632 1004 2672 nichil
1036 2644 1195 2673 curare
1228 2633 1297 2673 vel
1330 2646 1531 2686 querere,
1565 2635 1620 2674 de
1646 2633 1811 2674 futuris
1835 2633 1977 2675 nichil
2002 2645 2186 2686 prorsus

543 2717 812 2757 prenoscere
854 2717 937 2745 nec
979 2717 1154 2745 cauere.
1219 2705 1388 2746 Iccirco
1428 2707 1485 2746 ad
1518 2705 1865 2746 instructionem
1900 2710 2184 2759 posterorum

543 2789 614 2828 ea,
661 2790 749 2831 que
796 2777 843 2817 in
890 2777 1122 2817 schedulis
1169 2781 1210 2817 et
1255 2777 1423 2818 vilibus
1471 2778 1640 2819 chartis
1688 2779 1883 2831 sparsim
1931 2778 2185 2831 conscripta

500 2858 513 2874 Γ
543 2849 827 2901 diffluebant,
874 2851 929 2889 de
968 2849 1245 2890 fundacione
1277 2851 1422 2890 Auree
1455 2850 1608 2891 Insule
1647 2855 1689 2891 et
1720 2852 1775 2891 de
1808 2850 2069 2891 mutacione
2101 2848 2185 2890 loci

632 2952 662 2985 R
686 2966 730 2981 z
751 2954 888 2987 textus
918 2951 1092 2987 Resenii.
1120 2972 1173 2976 --
1200 2951 1227 2986 S
1250 2966 1288 2982 z
1316 2955 1451 2987 textus
1475 2952 1649 2988 Suhmii.
1675 2973 1726 2978 —-—
1752 2953 1996 2988 H=textus
2016 2951 2185 2988 Holder-

544 3008 700 3053 Eggeri.
733 3028 788 3033 --
820 3008 854 3045 C
877 3023 920 3039 Ξ
944 3019 1176 3044 consensus
1205 3009 1322 3045 RSH.
1357 3030 1408 3034 ——
1443 3009 1838 3046 Gzeorreetiones
1871 3020 1983 3045 meae.
2049 3008 2186 3045 Ortho-

542 3064 729 3110 yraphioe
760 3065 954 3101 minutias
982 3067 1185 3111 proelereo
1211 3086 1258 3090 ——
1298 3066 1332 3102 2.
1367 3066 1470 3101 nihil
1504 3066 1569 3102 Rs
1602 3065 1757 3113 ubique.
1821 3067 1855 3103 4.
1888 3066 2050 3103 vilebus
2085 3066 2128 3102 R.
