2242 3551
453 978 493 1010 10

456 1344 498 1376 15

363 1660 436 1692 Fol.
452 1656 500 1691 GV.

457 1806 499 1836 20

458 2171 501 2202 25

461 2535 503 2565 30

519 191 599 231 166
862 199 1139 230 SCRIPTORES
1172 199 1400 230 HisrofflAE
1433 200 1610 229 DANICAE
1642 199 1842 228 MINORES

518 318 640 371 apud
674 317 821 368 Weng
864 315 1174 369 fratribusque
1212 314 1417 356 eiusdem
1459 314 1636 367 cenobij
1678 313 1851 354 ibidem
1892 314 1978 354 sub
2021 314 2171 366 regula

518 389 637 430 beati
687 388 917 441 Benedictj
967 387 1300 429 famulantibus
1355 388 1546 429 colonos
1594 400 1702 428 suos
1750 400 1854 427 cum
1904 387 2031 427 omni
2079 387 2174 427 iure

518 467 675 503 nostro
723 460 876 513 regali,
928 462 1053 514 quod
1101 461 1279 502 soluere
1327 461 1452 514 prius
1501 463 1839 501 consueuerant
1886 459 2175 500 exactoribus

520 535 686 576 nostris
721 538 906 588 propter
938 533 1291 587 expeditionem,
1334 547 1422 588 que
1456 534 1628 574 Danice
1661 532 1837 586 leydin9
1868 536 2175 586 nuncupatur,

519 607 783 659 contulisse,
817 611 858 648 et
890 608 978 648 hoc
1012 620 1094 661 pro
1126 607 1398 648 remissione
1431 606 1642 647 omnium
1676 609 1971 659 peccatorum
2003 609 2176 646 nostro-

519 694 644 731 rum⁷
692 684 958 734 parentum,
1005 684 1349 721 antecessorum
1398 683 1440 720 et
1479 678 1691 720 omnium
1739 678 1945 719 fidelium
1992 677 2176 719 defunc-

518 758 685 795 torum.
750 753 1027 808 Quicunque
1066 764 1172 805 ergo
1212 752 1343 793 istius
1383 752 1547 806 pagine
1586 756 1741 793 nostre
1778 752 1960 792 decreto
2002 751 2048 791 in
2081 751 2176 792 zelo

520 827 643 868 malo
676 825 937 868 obuiauerit
969 830 1022 874 et,
1056 826 1179 880 quod
1214 839 1298 866 nos
1329 829 1482 866 ratum
1516 825 1774 875 statuimus,
1811 823 1984 865 diaboli
2016 823 2178 877 spiritu

520 903 729 953 arreptus
777 903 912 954 atque
960 898 1213 950 exagitatus
1250 898 1431 939 irritum
1473 898 1620 939 facere
1657 897 1964 951 temptauerit,
2013 897 2089 937 sed
2138 900 2179 937 et

521 972 655 1025 sigilli
694 972 837 1013 nostri
878 971 1301 1013 corroborationem
1346 971 1603 1020 uiolauerit,
1651 970 1708 1011 sit
1749 970 1897 1024 portio
1938 970 2035 1011 eius
2073 982 2178 1010 cum

519 1045 640 1087 Juda
674 1045 892 1085 traditore
926 1044 1094 1085 Christi
1127 1048 1169 1085 et
1201 1044 1276 1085 uia
1310 1057 1416 1085 cum
1449 1044 1553 1096 illis,
1600 1044 1679 1098 qui
1719 1043 1910 1085 domino
1943 1042 2177 1083 dixerunt:

518 1119 710 1159 ‘Recede
742 1131 766 1158 a
801 1117 958 1167 nobis3
1005 1117 1245 1158 scientiam
1286 1117 1469 1158 uiarum
1507 1121 1694 1158 tuarum
1735 1117 1986 1166 nolumus²3
2034 1115 2179 1169 sitque

521 1191 699 1232 alienus
732 1204 757 1231 a
790 1194 1084 1231 sacrosancto
1117 1203 1309 1244 corpore
1341 1194 1383 1231 et
1414 1192 1637 1242 sanguine
1663 1189 1841 1231 domini
1867 1188 2011 1230 nostri
2036 1188 2179 1229 Jhesu

524 1263 706 1315 Christi,
754 1264 842 1304 nisi
886 1263 1135 1317 penitentia
1182 1256 1447 1304 ductus'ad
1495 1262 1853 1304 satisfactionem
1903 1261 2179 1313 condignam

525 1337 715 1378 uenerit.

1250 1397 1347 1444 Cap.
1380 1397 1463 1433 V11.

789 1477 910 1522 Quod
944 1477 1096 1513 domus
1128 1478 1206 1514 hec
1236 1478 1278 1513 in
1311 1478 1484 1514 exordio
1517 1488 1594 1514 suo
1629 1488 1713 1514 non
1746 1478 1799 1514 sit
1830 1477 1921 1513 sine

1110 1547 1384 1583 fundamento
1418 1546 1603 1583 fundata.

611 1639 622 1695 Ε
656 1613 795 1693 Non
820 1656 886 1692 est
911 1651 1156 1703 silendum,
1186 1652 1309 1706 quod
1338 1652 1383 1692 in
1409 1652 1569 1705 primis
1596 1651 1833 1705 scripsisse
1858 1651 2181 1702 debueramus,

527 1725 721 1779 qualiter
767 1725 912 1765 abbas
960 1724 1186 1765 Henricus
1234 1724 1465 1779 scripserit
1521 1726 1694 1766 domno
1746 1724 2000 1779 apostolico
2049 1736 2182 1777 super

529 1799 642 1848 loco,
676 1811 812 1851 quem
841 1798 928 1838 sibi
948 1797 1151 1838 Eskillus
1180 1798 1425 1852 episcopus
1451 1798 1683 1850 offerebat,
1717 1802 1758 1839 et
1790 1797 1900 1852 quid
1934 1797 1973 1838 ei
2006 1800 2182 1850 aposto-

527 1870 642 1911 licus
682 1870 975 1924 rescripserit.
1040 1871 1207 1910 Fuerat
1245 1875 1397 1911 autem
1441 1871 1685 1925 episcopus
1727 1871 1928 1911 Eskillus
1971 1870 2181 1911 scismate

527 1943 773 1985 Octouiani
810 1944 1081 1995 maculatus,
1113 1943 1230 1984 sicut
1263 1948 1304 1984 et
1336 1944 1524 1998 quidam
1559 1943 1632 1997 alij
1669 1943 1872 1997 episcopi
1905 1943 2067 1997 etipse
2093 1955 2182 1994 reX,

528 2021 569 2057 et
601 2016 767 2057 iccirco
799 2016 945 2057 abbas
976 2016 1153 2057 distulit
1184 2016 1447 2058 inconsulto
1479 2016 1733 2070 apostolico
1766 2017 1920 2057 locum
1954 2015 2182 2069 suscipere

528 2090 582 2130 de
632 2102 771 2130 manu
819 2089 929 2130 eius.
1016 2089 1302 2131 Octouianus
1350 2089 1473 2130 enim
1520 2090 1566 2130 in
1615 2089 1828 2130 scismate
1875 2090 2043 2130 electus
2090 2091 2182 2129 erat

528 2165 686 2203 contra
719 2162 999 2203 catholicum
1027 2176 1195 2216 papam
1214 2163 1548 2213 Alexandrum3
1581 2162 1655 2203 cui
1688 2166 2021 2203 consenserunt
2054 2159 2183 2201 multi

529 2246 654 2287 reges
695 2239 735 2276 et
777 2235 1007 2289 principes
1054 2239 1095 2276 et
1136 2235 1430 2276 ecclesiastici
1475 2235 1574 2287 uiri,
1622 2248 1801 2276 necnon
1850 2238 1892 2275 et
1936 2234 2183 2288 imperator

531 2308 847 2349 Romanorum
868 2308 1151 2349 Fredericus.
1201 2308 1266 2349 Ne
1292 2320 1397 2360 ergo
1429 2308 1596 2363 aliquis
1630 2311 1756 2361 putet
1788 2308 1861 2348 uel
1893 2307 2027 2356 dicat,
2060 2306 2180 2360 quod

529 2381 697 2421 domus
735 2381 820 2421 hec
859 2381 905 2421 in
950 2380 1138 2422 exordio
1180 2393 1263 2421 suo
1305 2380 1494 2422 fundata
1544 2380 1677 2422 fuerit
1723 2381 1821 2421 sine
1868 2380 2181 2429 fundamento,

530 2453 700 2504 audiat,
733 2454 867 2508 quale
900 2454 1255 2494 fundamentum
1289 2454 1489 2494 domnus
1522 2453 1803 2507 apostolicus
1835 2452 2074 2506 priuilegio
2101 2463 2181 2492 suo

529 2525 696 2579 iecerit,
729 2526 985 2568 rescribens
1017 2525 1172 2567 abbati
1207 2526 1406 2567 Heurico
1440 2530 1481 2566 et
1513 2526 1731 2567 fratribus
1764 2525 1872 2567 eius.

1244 2668 1343 2714 Cap.
1377 2668 1480 2703 VIII.

533 2747 686 2783 Littere
726 2747 871 2783 domni
909 2748 1129 2794 apostolici
1169 2748 1220 2784 ad
1253 2748 1446 2784 abbatem
1482 2748 1712 2784 Henricum
1746 2758 1874 2794 super
1906 2747 2012 2791 loco,
2058 2755 2180 2792 quem

958 2816 1039 2852 sibi
1071 2816 1274 2853 offerebat
1307 2817 1490 2853 Eskillus
1522 2817 1759 2864 episcopus.

625 2881 915 2962 Alexander
946 2922 1205 2975 episcopus,
1252 2934 1414 2962 seruus
1456 2935 1697 2962 seruorum
1731 2921 1817 2972 dei,
1863 2919 2039 2961 dilectis
2077 2916 2180 2970 filijs

534 2993 733 3034 Henrico
758 2994 913 3034 abbati
939 2999 980 3034 et
1003 2994 1220 3035 fratribus
1250 2994 1513 3047 monasterij
1541 2998 1695 3035 sancte
1722 2993 1863 3034 Marie
1882 2994 1937 3033 de
1956 2990 2181 3033 Uitescola

622 3091 797 3128 11—12.
845 3093 916 3138 qui
963 3093 1159 3129 dixerunt
1205 3093 1302 3129 deo:
1365 3093 1525 3129 Recede
1557 3123 1563 3130 .
1599 3122 1605 3128 .
1638 3092 1855 3129 nolumus:
1899 3090 1988 3130 Job.
2022 3090 2088 3135 21,
2118 3087 2177 3125 14.

534 3148 597 3183 25.
630 3148 887 3185 cotholicum
921 3149 967 3187 C.
