2242 3551
757 231 1095 260 SEPVLCHRALIA
1722 221 1775 260 83

587 932 620 973 1.
668 932 860 973 Tabula
893 931 1310 984 RingstadiensiS.

214 1002 378 1082 Anno
431 1040 609 1081 domini
657 1041 908 1092 .M.C.xxx.‚
955 1040 1042 1081 V1J⁰
1089 1041 1197 1081 Idus
1243 1039 1475 1093 Januarij,
1534 1040 1774 1081 Sanctus

124 1116 372 1156 Kanutus
421 1115 515 1154 dux
564 1111 736 1168 Baloie,
784 1113 907 1154 filius
955 1114 1069 1166 regis
1118 1113 1240 1154 Erici
1289 1114 1479 1166 Egothae
1525 1113 1571 1153 in
1620 1112 1775 1167 Cypro

123 1188 304 1241 mortui,
353 1186 656 1227 martirisatus
704 1186 789 1226 fuit
832 1200 857 1227 a
903 1187 1084 1239 Magno,
1132 1186 1228 1227 filio
1257 1185 1261 1240 Ι
1291 1186 1469 1227 Nicolai
1508 1189 1618 1226 tunc
1657 1186 1776 1238 regis

125 1261 372 1312 Danorum,
418 1260 465 1300 in
513 1259 631 1300 silua
676 1260 1010 1310 Harelstaethae3
1058 1263 1101 1299 et
1146 1260 1355 1313 sepultus
1401 1263 1466 1300 est
1514 1258 1774 1311 Ringstadis

121 1337 223 1374 ante
263 1330 511 1388 sumlmum
551 1333 705 1384 altare,
753 1333 877 1386 quod
916 1336 1027 1373 tunc
1066 1332 1128 1373 ibi
1176 1336 1272 1373 erat
1317 1332 1365 1372 in
1412 1332 1601 1373 ecclesia
1645 1332 1775 1373 beate

123 1407 260 1447 Marie
299 1406 518 1459 Virginis,
565 1419 704 1460 quam
754 1405 988 1446 edificauit
1033 1405 1201 1446 Zweno
1230 1403 1234 1458 Ι
1264 1405 1482 1458 Noricus,
1531 1405 1776 1458 episcopus

86 1513 89 1515 .
122 1479 447 1520 Roskildensis.
494 1479 580 1520 Sed
606 1491 729 1519 anno
755 1478 933 1519 domini
954 1478 1160 1519 .M.C.lxx
1185 1478 1334 1519 dictus
1360 1482 1544 1519 sanctus
1565 1478 1775 1518 Kanutus

121 1553 176 1592 ad
209 1565 335 1592 aram
366 1550 370 1606 Ι
399 1555 465 1593 est
495 1551 743 1591 translatus
778 1550 877 1592 ,V1J0
910 1551 1139 1591 Kalendas
1172 1551 1296 1605 Julij.

204 1626 272 1666 Ad
318 1625 456 1678 pedes
502 1625 634 1665 istius
680 1624 875 1678 preciosi
916 1624 1130 1676 martiris,
1178 1624 1237 1665 ad
1277 1624 1499 1665 orientem
1541 1625 1775 1678 sepulchri

120 1698 210 1750 sui,
271 1698 386 1739 iacet
440 1698 666 1750 gloriosus
709 1695 712 1749 Ι
756 1697 879 1737 filius
935 1710 1046 1737 suus
1093 1698 1485 1738 Waldemarus
1543 1698 1773 1751 primu8‚

119 1770 362 1824 ampliator
385 1771 522 1811 huius
550 1770 752 1821 ecclesie,
785 1769 864 1824 qui
889 1769 1002 1823 obijt
1019 1770 1408 1822 Wordingborch‚
1440 1783 1563 1811 anno
1596 1771 1773 1811 domini

204 1900 236 1935 T
257 1915 301 1931 z
324 1900 497 1936 Tabula.
522 1921 576 1925 —
608 1900 643 1938 Ο
666 1915 710 1931 z
734 1900 881 1935 Petrus
914 1899 1005 1935 Olai
1037 1900 1079 1935 in
1113 1899 1402 1937 Colleetaneis.
1462 1900 1772 1946 [ascriptionem

118 1956 239 1994 huius
288 1956 468 2003 Tabulae,
517 1960 560 1993 ut
589 1958 709 1993 etiam
758 1957 1012 2003 sequentium
1060 1962 1446 2003 monumentorum,
1494 1957 1620 1993 solitis
1668 1958 1774 2004 typis

119 2015 396 2051 excutiendam
429 2014 575 2051 curaui
604 2017 640 2050 et
672 2014 790 2050 verba
817 2016 957 2050 omnia
982 2015 1123 2050 solutis
1148 2015 1361 2061 scripiuroe
1383 2015 1635 2061 compendiis
1655 2015 1774 2061 plene

120 2072 296 2117 reddidi;
345 2073 460 2108 lineis
501 2072 756 2108 verticalibus
796 2083 984 2108 uersuum
1024 2072 1130 2118 fines
1168 2072 1357 2119 siynaui;
1405 2072 1771 2118 interpunctionem

119 2129 258 2166 addidi
300 2131 416 2175 (nam
454 2129 606 2166 Tabula
648 2130 807 2166 nullam
846 2129 930 2176 fere
968 2129 1048 2165 nisi
1088 2130 1128 2165 in
1166 2130 1352 2166 numeris
1392 2129 1609 2176 siynandis
1640 2129 1770 2173 habet,

119 2197 166 2222 ac
195 2198 244 2223 ne
273 2187 339 2223 hic
369 2187 531 2233 quidem
563 2190 750 2234 semper).
812 2187 986 2223 Litteras
1026 2187 1202 2223 initiales
1243 2187 1493 2223 maiusculas
1530 2198 1692 2234 semper
1730 2188 1769 2223 in

119 2243 354 2280 nominibus
382 2245 562 2291 propriis
593 2244 774 2281 adhibui.
823 2245 992 2281 Errores
1023 2244 1281 2291 superiorum
1308 2245 1508 2281 editorum
1531 2245 1774 2292 plerumque

120 2312 202 2337 non
233 2312 518 2339 commemoro.

232 2358 267 2396 Ο
299 2361 590 2405 aryumentum
624 2360 743 2395 totius
780 2358 940 2395 Tabulae
968 2358 1039 2405 fol.
1074 2358 1142 2395 75⁰
1174 2359 1230 2394 sic
1261 2359 1452 2396 reddidit:
1491 2361 1514 2405 †
1546 2359 1768 2406 Sepultura

121 2414 273 2461 Regum
307 2420 345 2453 et
372 2417 623 2463 Reginarum
652 2417 890 2465 Ringstadq.
922 2412 933 2468 Η
964 2416 1257 2453 Waldemarus
1279 2427 1297 2452 J
1329 2427 1424 2453 cum
1455 2427 1582 2453 vxore
1602 2417 1770 2464 Sophia.

121 2472 319 2510 Kanutus
395 2474 688 2511 Waldemarus
736 2476 770 2510 2.
818 2485 913 2510 cum
962 2474 1135 2519 reginis,
1185 2474 1344 2510 scilicet
1391 2475 1642 2520 Margareta,
1689 2485 1771 2520 que

121 2529 227 2566 dieta
260 2534 321 2567 est
355 2532 521 2575 Damar,
553 2534 592 2567 et
624 2532 886 2578 Berengaria.
937 2531 1076 2567 Rikisa
1109 2532 1251 2578 regina
1281 2531 1431 2576 Suetie,
1463 2542 1587 2567 soror
1609 2531 1771 2568 Walde-

121 2588 224 2623 mari
271 2589 305 2624 2.
376 2589 669 2626 Waldemarus
718 2590 739 2625 3
787 2600 883 2625 cum
931 2599 1059 2624 vxore
1106 2588 1320 2625 Elionora.
1391 2589 1540 2625 Ericus
1587 2592 1770 2625 sanctus.

119 2646 249 2690 Agnes
281 2657 385 2682 vxor
416 2647 527 2682 Erici
559 2647 668 2692 regis
700 2646 908 2683 interfecti
941 2646 983 2681 in
1018 2646 1215 2693 Findorp.
1271 2647 1420 2682 Ericus
1452 2647 1560 2692 pius,
1593 2647 1771 2683 Menwet

121 2700 266 2747 dictus,
312 2713 406 2739 cum
450 2713 589 2748 vxor-e,
636 2704 794 2740 scilicet
827 2703 1082 2750 Ingeburgis.
1145 2704 1342 2749 Birgerus
1383 2714 1454 2739 rex
1496 2704 1634 2740 Suetie
1673 2714 1768 2740 cum

119 2768 255 2803 vxor-e,
302 2760 461 2796 scilicet
502 2761 743 2807 Margareta,
790 2771 937 2797 sorore
977 2761 1088 2796 Erici
1131 2762 1239 2807 regis
1281 2761 1470 2797 Menwet.
1523 2782 1572 2786 -
1622 2762 1769 2797 Duces.

121 2814 294 2852 Sanctus
328 2817 518 2854 Kanutus
551 2817 635 2853 dux
667 2822 706 2854 et
738 2822 909 2865 martyr.
962 2817 1252 2854 Christoforus
1287 2819 1370 2853 dux
1401 2818 1523 2855 Jutie.
1578 2819 1769 2854 Kanutus

121 2871 202 2908 dux
248 2874 458 2912 Lalandie.
535 2875 683 2911 Ericus
730 2876 814 2911 dux
863 2875 1096 2912 Hallandie.
1168 2875 1461 2912 Waldemarus
1508 2875 1769 2919 domicellus,

121 2928 229 2966 filius
262 2931 515 2968 Christofori
547 2932 618 2979 filij
654 2933 908 2969 Waldemari
941 2933 988 2969 .2.
1023 2934 1057 2978 †.

209 2988 239 3023 1.
272 2988 431 3025 Dicitur
461 2990 580 3035 vulyo
616 2990 741 3034 1031;
788 2991 857 3026 sed
886 2990 976 3036 sieri
1004 2991 1143 3035 potest,
1194 2991 1236 3025 ut
1266 2992 1418 3033 auctor,
1462 3000 1580 3036 quem
1612 2992 1770 3025 secutus

120 3045 176 3078 est
206 3043 248 3089 is,
282 3045 352 3091 qui
371 3045 565 3082 Tabulam
599 3048 835 3092 composuit,
870 3046 992 3083 huius
1024 3047 1127 3082 anni
1158 3046 1321 3082 initium
1354 3058 1377 3081 a
1410 3046 1569 3082 Pascha
1602 3047 1764 3082 demum

121 3103 422 3146 computauerit.
488 3104 549 3139 11.
579 3105 708 3148 potest
738 3104 857 3139 etiam
889 3103 1215 3148 wordingbvrch
1250 3104 1337 3149 Ieyi,

1514 3170 1556 3201 6ss

1802 1344 1820 1374 5

1802 1709 1844 1740 10
