2242 3551
398 1001 438 1032 10

399 1364 439 1395 15

400 2452 442 2484 30

467 216 550 255 476
811 223 1088 252 scnxprorzsss
1122 221 1350 251 HISTomAE
1382 221 1561 249 DANICAE
1592 220 1793 249 MlNoRES

469 353 580 380 num
630 338 835 392 undique
883 337 1193 378 uenientium:
1258 336 1489 387 Islandos,
1539 335 1850 386 Gronlandos,
1896 335 2130 387 Anglicos,

468 412 792 463 Theotonicos,
842 412 1014 463 DanOS,
1061 410 1247 462 Succos,
1295 409 1550 450 Gutlandos
1598 412 1862 461 ceterasque
1902 408 2130 460 nationes,

467 498 582 538 quas
624 484 918 524 dinumerare
959 483 1149 535 longum
1190 486 1269 534 est,
1318 481 1354 521 si
1394 481 1605 522 curiosus
1639 493 1735 521 esse
1768 480 1987 532 uolueris,
2035 480 2130 521 illic

466 556 665 609 reperire
713 556 895 608 poteris.
966 555 1090 607 Vini,
1138 555 1308 606 mellis,
1356 553 1493 594 tritici
1540 554 1865 607 bonarumque
1911 552 2128 604 uestium,

466 629 640 680 argenti
687 641 872 683 quoque
920 633 1268 681 ceterarumque
1321 639 1477 667 rerum
1525 626 1763 666 uenalium
1810 626 1955 666 multa
2004 625 2128 665 suffi-

467 701 651 753 cientia,
709 705 751 742 et
805 702 860 741 de
916 700 1108 752 singulis
1162 704 1288 752 grata
1346 699 1456 740 satis
1508 699 1750 740 mutuatio.
1844 699 1895 739 In
1949 698 2131 739 cunctis-

467 759 658 827 (autem)
710 773 835 813 illius
889 772 1016 824 regni
1069 772 1334 813 ciuitatibus
1382 771 1627 812 uniformis
1675 771 1986 823 consuetudo,
2049 771 2127 810 sed

467 846 647 897 uitiosa,
694 845 900 897 inoleuit,
949 845 1121 886 scilicet
1160 845 1277 897 iugis
1322 845 1532 897 ebrietas,
1579 857 1668 899 que
1707 843 1968 897 frequenter
2000 843 2129 896 pacis

466 919 620 959 federa
666 918 843 970 rumpit
889 922 931 957 et
977 919 1258 971 quandoque
1302 921 1570 958 mansuetos
1618 930 1803 971 quoque
1850 917 1906 957 ad
1955 916 2126 967 flagitia

466 991 749 1032 crudelitatis
788 991 993 1043 instigat3
1041 995 1178 1044 atque
1219 1004 1302 1044 pro
1344 990 1447 1031 ioco
1489 993 1761 1043 reputantur
1801 989 1975 1030 ibidem
2008 988 2125 1029 facta

467 1064 738 1104 criminalia.
803 1064 900 1104 Hoc
939 1063 1074 1104 etiam
1115 1063 1206 1115 agit
1247 1063 1323 1103 illa
1364 1063 1461 1103 sine
1501 1075 1720 1103 mensura
1760 1067 1897 1116 potus
1929 1061 2131 1113 ingurgi·

465 1137 590 1189 tatio,
638 1138 762 1191 quod
804 1137 928 1177 ciues
970 1140 1011 1176 et
1052 1137 1245 1188 aduene,
1292 1136 1447 1176 furore
1486 1135 1583 1175 uini
1616 1135 1851 1187 commoti,
1898 1134 2131 1188 rapientes

466 1222 596 1249 arma
643 1213 921 1250 concurrant
968 1210 1024 1249 ad
1072 1209 1257 1249 scelera.
1350 1209 1444 1249 Nec
1498 1209 1555 1248 ab
1610 1208 1835 1249 effusione
1889 1206 2127 1259 sanguinis

466 1282 767 1323 innocentum
801 1295 969 1322 manus
1002 1281 1200 1322 nefarias
1234 1281 1450 1322 cohibere
1483 1285 1659 1331 curant,
1707 1285 1748 1321 et
1788 1281 1960 1321 idcirco
1993 1280 2126 1334 plura

467 1355 676 1408 partibus
707 1355 797 1394 illis
830 1355 1098 1395 damnanda
1126 1354 1245 1395 facta
1269 1355 1468 1408 reperies
1491 1368 1631 1409 quam
1656 1367 1857 1407 usquam
1882 1358 2125 1394 terrarum:

468 1427 647 1468 etiamsi
687 1438 893 1480 paganos
935 1428 1087 1477 adeas,
1136 1440 1434 1481 nequaquam
1476 1427 1643 1468 similia
1692 1426 1862 1480 poteris
1903 1426 2127 1466 inuenire.

469 1501 567 1540 Hac
605 1499 835 1553 siquidem
874 1499 1121 1540 insolentia
1159 1500 1350 1554 quidam
1392 1513 1445 1540 ex
1477 1499 1669 1550 collegio
1704 1500 1941 1540 Danorum
1974 1498 2127 1550 illecti,

467 1572 706 1612 nocturnis
761 1572 975 1612 uidelicet
1027 1572 1342 1625 potationibus
1390 1572 1568 1625 perdito
1617 1585 1753 1612 sensu
1802 1572 1964 1623 dediti,
2020 1584 2126 1612 cum

469 1644 876 1696 Norwagiensibus
908 1644 1055 1685 rixam
1089 1645 1389 1696 miscuerunt,
1422 1658 1664 1698 usquequo
1695 1649 1788 1685 tota
1823 1658 1938 1698 pene
1963 1645 2126 1685 ciuitas

399 1729 406 1738 ¹
468 1718 524 1757 ad
566 1730 695 1757 arma
738 1717 1017 1758 conuolaret.
1082 1718 1185 1758 Non
1228 1717 1351 1758 enim
1385 1730 1545 1758 omnes
1580 1719 1773 1758 eandem
1808 1717 1881 1757 uel
1914 1719 2125 1771 equalem

467 1789 698 1829 donorum
732 1789 939 1840 gratiam,
973 1789 1054 1829 etsi
1087 1802 1181 1829 uno
1214 1789 1303 1829 fusi
1337 1775 1482 1843 <sunt>
1516 1790 1704 1841 semine,
1747 1794 1981 1830 merentur
2012 1790 2124 1830 acci-

467 1874 596 1914 pere,
639 1862 715 1901 sed
758 1861 847 1901 nisi
880 1862 1123 1914 prudentia
1156 1863 1367 1902 uirorum
1400 1862 1649 1903 illustrium
1685 1876 1739 1902 ex
1771 1866 1965 1915 utraque
1998 1866 2130 1915 parte

468 1934 844 1975 concurrentium
877 1934 1000 1975 litem
1036 1934 1283 1985 dirimeret,
1331 1934 1526 1975 ebrietas
1568 1935 1711 1975 mixta
1752 1935 1897 1976 furori
1929 1939 2127 1987 stragem

467 2006 712 2046 hominum
747 2006 984 2047 attulisset.
1044 2008 1179 2047 Mane
1211 2007 1303 2047 iam
1338 2007 1457 2048 facto
1490 2012 1809 2049 conuocantur
1841 2008 1928 2048 uiri
1962 2008 2127 2049 discre-

467 2078 619 2126 tiores,
653 2079 731 2132 qui
764 2079 1037 2120 seditionem
1062 2084 1210 2120 ortam
1234 2080 1351 2120 inter
1374 2080 1498 2120 ciues
1523 2084 1562 2120 et
1585 2081 1791 2133 hospites
1812 2081 2127 2122 terminarent.

468 2151 629 2191 Visum
664 2155 730 2191 est
760 2151 850 2192 illis
883 2165 1000 2205 equa
1032 2153 1163 2192 lance
1196 2152 1576 2205 ponderantibus,
1624 2154 1781 2193 Danos
1822 2153 1869 2193 111
1902 2153 1990 2194 1130
2022 2166 2127 2194 0011-

468 2223 681 2263 cursione
736 2224 839 2276 plus
895 2225 1165 2278 deliquisse,
1219 2225 1326 2278 quia
1384 2229 1646 2266 matronam
1698 2226 1935 2279 quandam
1989 2226 2125 2267 ualde

468 2295 673 2336 nobilem
714 2296 958 2337 inhoneste
999 2297 1137 2337 nimis
1180 2301 1485 2338 contrectasse
1525 2298 1727 2339 conuicti
1760 2302 1884 2348 sunt,
1928 2298 2124 2351 ideoque

468 2380 561 2407 non
601 2368 698 2409 sine
738 2381 892 2409 rerum
935 2383 1126 2410 suarum
1168 2370 1412 2423 dispendio
1445 2370 1671 2411 iudicium
1704 2370 1934 2411 finierunt.
2000 2370 2125 2410 Nihil

468 2440 626 2493 utique
679 2440 727 2481 in
780 2454 829 2481 re
881 2442 1067 2495 publica
1122 2442 1416 2495 dispensatur
1462 2444 1651 2496 utiliter,
1704 2443 1792 2483 nisi
1846 2442 2128 2483 moderatrix

469 2512 693 2565 sapientia
733 2526 888 2554 rerum
930 2514 1124 2555 affuerit.
1188 2515 1287 2555 Hac
1327 2516 1382 2555 de
1422 2529 1468 2556 re
1509 2515 1727 2569 sepedicti
1760 2515 1880 2556 Dani
1920 2516 2124 2569 quodam

469 2585 618 2625 affecti
655 2585 778 2626 tedio
810 2588 1020 2627 recedere
1052 2587 1376 2640 disponebant,
1421 2587 1656 2628 innouatis
1699 2588 1893 2628 nauium
1933 2600 2123 2628 suarum

556 2785 589 2820 2.
633 2786 950 2823 Theothonicos
990 2788 1065 2824 AS.
1144 2790 1178 2824 4.
1211 2788 1303 2824 Vini
1342 2787 1510 2834 Nyerup
1547 2786 1600 2837 (et
1637 2789 1720 2825 iam
1758 2789 1851 2835 fort.
1892 2787 1984 2837 M1);
2033 2789 2122 2824 Vim

470 2840 608 2878 M2As.
673 2843 706 2879 7.
726 2847 865 2879 autem
889 2845 1042 2881 addidi.
1104 2846 1137 2881 9.
1161 2855 1332 2892 quoque
1355 2845 1519 2891 scripsi,
1552 2857 1746 2893 quosque
1764 2847 1811 2883 Ο.
1875 2846 1936 2882 11.
1958 2846 2057 2882 Haec
2075 2846 2127 2890 0,

469 2899 637 2936 correxi.
724 2902 865 2946 potius
885 2901 924 2937 S.
991 2903 1050 2938 15.
1077 2914 1257 2949 usquam
1278 2903 1329 2948 K3
1363 2913 1574 2949 nusquam
1594 2904 1642 2940 Ο.
1707 2904 1768 2940 19.
1792 2906 1877 2939 tota
1903 2914 2010 2950 pene
2028 2903 2124 2948 MA,

470 2965 576 3000 pene
613 2959 700 2992 tota
734 2957 773 2993 S.
850 2959 913 2994 20.
952 2959 1046 2995 Non
1081 2960 1172 3005 MS,
1220 2960 1325 2995 Nam
1359 2958 1410 3004 Ᾱ;
1455 2961 1629 2996 ceterum
1668 2960 1754 2996 hoec
1792 2960 1989 2997 sententia
2028 2959 2129 2996 huic·

472 3011 555 3047 Ioco
583 3024 735 3058 parum
768 3018 865 3060 apta
898 3026 980 3051 esse
1012 3016 1177 3053 videtur.
1240 3017 1305 3053 21.
1340 3019 1439 3052 sunt
1468 3014 1538 3065 (st)
1568 3017 1720 3054 addidi.
