2242 3551
388 1144 429 1175 10

388 1546 429 1576 15

387 1906 429 1937 20

389 2270 431 2299 25

390 2631 432 2661 30

458 200 512 240 60

800 210 1076 239 SCRIPTORES
1110 210 1336 239 HlSTORIAE
1370 210 1545 238 DANICAE
1577 209 1776 237 MINORES

454 326 585 375 duos,
618 327 673 366 de
706 325 875 379 quihus
909 338 1028 365 unus
1061 325 1341 378 paralyticus
1373 324 1476 374 fuit;
1524 325 1602 364 sed
1641 322 1879 377 utriusque
1918 322 2106 363 infirmi-

453 399 556 439 tatis
612 402 887 439 consecutus
941 401 1007 438 est
1061 397 1313 438 sanitatem.

1407 397 1649 437 Passiones
1703 395 1838 436 etiam
1901 396 2107 435 diuersas

454 471 690 524 patientes,
723 484 923 524 quorum
959 483 1180 511 numerus
1211 470 1458 522 ignoratur,
1508 469 1674 510 Christi
1715 468 1879 508 virtute
1913 467 2105 508 sanauit.

456 545 562 585 Ideo
597 545 778 585 canitur
810 544 864 583 de
898 543 997 596 ipso
1030 543 1077 583 in
1110 556 1246 596 prosa
1279 543 1361 583 sic:
1912 538 1914 541 ’

514 661 650 705 Salue,
682 661 809 696 decus
843 671 1090 707 pauperum,
1284 655 1285 670 ¹
1350 660 1525 695 Crucem
1560 657 1720 705 prefers
1753 657 1996 704 specialem:

512 731 552 765 in
587 741 671 776 quo
705 729 897 765 Christus
930 730 1081 765 iterum
1349 739 1425 763 nec
1457 728 1497 763 in
1532 727 1656 763 terris
1689 727 1816 762 habet
1846 726 1971 762 talem

513 801 719 834 monstrat
752 809 826 834 sua
860 798 1056 834 vulnera!
1348 800 1518 833 sanctus
1552 807 1627 832 nec
1659 796 1699 831 in
1735 795 1880 841 patria.

1348 866 1458 901 Noui
1490 865 1613 909 claui⁷
1646 864 1788 900 lateris

1348 935 1502 970 vulnus
1535 934 1634 969 noui
1667 933 1818 969 sideris

513 1005 635 1050 Signa
669 1004 852 1051 probant
883 1007 922 1039 te
954 1004 1136 1047 beatum,
1348 1003 1531 1049 probant
1563 1002 1793 1049 priuilegia.
1834 991 1837 993 .

513 1074 633 1109 cuius
666 1084 761 1109 ossa
794 1073 1020 1108 sanitatum

514 1144 720 1188 vaporant
756 1141 1039 1178 dulcedinem:
1349 1142 1381 1177 O
1416 1141 1650 1183 Francisee,
1681 1140 1750 1175 lux
1784 1138 1946 1181 solaris,

513 1212 623 1255 Quot
654 1213 752 1246 sunt
774 1211 925 1254 morbi,
957 1213 1017 1246 tot
1039 1210 1220 1246 medele:
1347 1211 1574 1246 crucifixus
1607 1209 1843 1255 singularis,

513 1281 640 1325 visus,
672 1289 840 1326 gressus
873 1282 912 1315 et
943 1279 1109 1325 loquele
1347 1280 1429 1315 iam
1464 1290 1559 1314 cum
1594 1278 1762 1314 Christo
1795 1276 1988 1323 gloriaris

515 1349 664 1396 prebes
696 1348 1015 1395 plenitudinem.
1349 1349 1389 1383 in
1422 1349 1554 1383 choro
1587 1347 1824 1382 celestium!

544 1464 849 1506 MCCXXVII.
942 1464 1071 1517 Capti
1119 1469 1224 1504 sunt
1272 1463 1390 1504 Dani
1437 1465 1559 1516 apud
1610 1462 1974 1504 Bornaehowaeth
2020 1460 2107 1512 (die

456 1539 585 1579 beate
645 1537 787 1577 Marie
835 1537 1123 1588 Magdalene3
1185 1537 1262 1577 ubi
1320 1550 1398 1577 rex
1453 1536 1649 1589 perdidit
1703 1549 1849 1575 unum
1904 1535 2103 1575 oculum.

456 1609 598 1651 Addit.
634 1608 738 1662 vet).

544 1683 871 1725 MCCXXVIII.
934 1682 1218 1722 Venerabilis
1265 1686 1306 1723 et
1352 1683 1437 1722 deo
1485 1682 1649 1733 dignus
1695 1682 1916 1733 Andreas,
1963 1680 2107 1720 archi-

457 1756 700 1810 episcopus
749 1754 1029 1806 Lundensis‚
1086 1768 1139 1795 ex
1197 1756 1282 1795 hac
1336 1756 1435 1795 luce
1483 1754 1697 1806 migrauit
1744 1755 1798 1794 ad
1848 1754 2104 1794 dominum.

458 1830 633 1870 Eodem
666 1840 788 1868 anno
821 1827 1195 1881 archiepiscopus
1230 1828 1404 1879 Petrus,
1444 1827 1521 1881 qui
1555 1826 1594 1867 ei
1627 1826 1857 1877 successit,
1896 1830 2104 1865 mortuus

457 1906 535 1953 est,
569 1904 611 1941 et
643 1900 745 1942 Uffo
778 1899 1152 1953 archiepiscopus
1185 1904 1490 1940 consecratus.
1545 1900 1785 1952 Tempore,
1817 1912 1908 1951 quo
1941 1898 2107 1951 prefuit

457 1973 644 2015 ecclesie
687 1972 919 2012 Lundensi
966 1977 1248 2013 memoratus
1294 1972 1669 2025 archiepiscopus
1708 1973 1925 2022 Andreas,
1976 1971 2107 2011 mira-

457 2048 614 2088 culum
653 2046 741 2086 tale
783 2044 990 2085 Christus
1030 2045 1268 2085 ostendere
1306 2045 1519 2097 dignatus
1560 2049 1643 2085 est:
1694 2045 1803 2084 Erat
1843 2044 1887 2083 in
1933 2044 2105 2097 prefata

458 2119 641 2160 ciuitate
674 2117 912 2158 mendicus
946 2116 1149 2169 quidam,
1192 2117 1270 2170 qui
1302 2131 1462 2157 amens
1494 2131 1518 2157 a
1553 2117 1762 2170 plurimis
1795 2116 2105 2169 reputabatur,

459 2205 510 2232 eo
543 2191 681 2244 quod⁷
729 2202 834 2230 cum
867 2189 1168 2241 interrogatus
1202 2190 1256 2229 de
1289 2190 1442 2243 aliqua
1476 2204 1522 2230 re
1555 2190 1726 2241 fuisset,
1769 2188 1884 2229 nihil
1922 2202 2106 2241 respon-

458 2264 597 2305 disset
636 2262 724 2303 nisi
763 2263 852 2302 hoc
891 2262 1055 2312 solum,
1103 2261 1327 2302 videlicet:
1381 2263 1538 2302 »Pater
1577 2266 1731 2302 noster
1775 2275 1856 2314 pro
1889 2261 2106 2301 omnibus

460 2335 732 2377 Christianis
756 2334 1040 2375 animabus«
1093 2334 1243 2384 Quam
1278 2335 1336 2374 ob
1369 2347 1556 2375 causam
1588 2336 1735 2375 ‘Pater
1760 2337 1921 2374 noster‘
1955 2334 2106 2386 appel-

458 2409 576 2449 latus
617 2411 683 2448 est
721 2407 843 2447 idem
887 2406 1137 2446 mendicus.
1203 2407 1288 2447 Hic
1328 2407 1480 2460 sepius
1520 2412 1624 2448 ante
1656 2407 1773 2447 fores
1806 2406 2103 2457 burgensium

444 2481 503 2526 ‘in
546 2481 691 2533 platea
733 2478 1032 2533 pernoctauit‚
1079 2478 1223 2518 instar
1268 2479 1390 2519 illius
1437 2480 1556 2520 beati
1596 2479 1794 2519 mendici
1841 2478 2105 2530 euangelici,

459 2553 535 2606 qui
568 2552 745 2593 iacebat
777 2552 831 2591 ad
866 2551 985 2591 fores
1018 2551 1185 2591 diuitis.

460 2625 653 2665 moritur
685 2628 726 2664 et
757 2625 802 2664 in
836 2623 1068 2664 cemiterio
1094 2624 1213 2663 beati
1240 2624 1469 2676 Laurentij
1498 2624 1736 2664 mendicus
1769 2623 1843 2663 ille
1876 2622 2102 2675 sepelitur.

1250 2552 1463 2592 Decursis
1505 2552 1655 2605 itaque
1694 2550 1939 2604 aliquantis
1971 2550 2104 2590 annis

1405 2792 1465 2827 14,
1501 2792 1779 2827 Bornaehovet
1812 2791 1857 2826 H.
1936 2790 1998 2828 15.
2033 2789 2104 2824 ubi

1338 2848 1384 2883 18
1431 2859 1477 2883 ex
1512 2849 1590 2884 ΜΗ
1622 2846 1687 2896 (eac
1717 2845 1833 2895 corr.)
1864 2847 1911 2891 S;
1942 2847 1983 2882 in
2018 2846 2103 2882 CH.

548 2792 611 2828 11.
645 2793 849 2834 crucifixo,
880 2791 1040 2835 Dreves,
1087 2801 1171 2826 non
1215 2792 1324 2826 recle.

462 2849 521 2893 M3
553 2852 592 2884 et
625 2849 671 2884 H.
738 2849 800 2885 17.
835 2848 1006 2884 domino
1040 2848 1189 2893 dignus
1223 2848 1269 2883 H.

462 2906 526 2942 20.
562 2905 685 2942 Uffuo
720 2906 764 2941 H.
828 2907 892 2942 21.
924 2905 1148 2951 episcopus
1181 2905 1279 2940 And.
1314 2905 1359 2940 H.
1430 2906 1493 2940 23.
1527 2917 1548 2940 a
1583 2905 1774 2951 pluribus
1809 2905 1855 2939 H.
1927 2905 1989 2939 25.
2024 2903 2101 2938 nisi

466 2964 501 2997 Μ
536 2965 572 2998 et
603 2963 636 2998 H
669 2973 718 2998 ex
748 2973 848 2998 corr.
877 2973 955 3008 pro
988 2961 1110 3005 nihil;
1144 2963 1277 2996 tamen
1312 2961 1415 2996 nihil
1446 2963 1627 2997 seruauit
1658 2962 1696 2998 S.
1759 2962 1822 2997 27.
1854 2964 1915 2996 est
1947 2971 2024 2997 om.
2053 2961 2100 2996 H.

462 3020 525 3056 28.
572 3020 752 3055 mendici
799 3019 1041 3065 euangelici,
1086 3017 1156 3063 cfr.
1205 3018 1297 3054 Luc.
1337 3018 1399 3063 16,
1423 3019 1485 3055 20.
1584 3020 1647 3055 29.
1695 3019 1746 3054 ad
1795 3019 1846 3063 H3
1907 3020 2001 3053 ante
2049 3017 2100 3053 M.

463 3077 661 3113 Decursis
696 3077 751 3121 Μ;
786 3077 1012 3112 Praeteritis
1046 3077 1092 3111 H.
1174 3075 1335 3122 aliquot
1366 3076 1486 3112 annis
1520 3077 1565 3112 H.
