2242 3551
264 1013 336 1045 Fol.
355 1011 423 1046 lOr.

380 1088 419 1118 10

380 1453 418 1482 15

376 2181 417 2211 25

374 2662 417 2693 30

453 189 530 228 172
791 200 1067 229 SCRIPTORES
1100 200 1328 230 HISTORIAE
1362 202 1538 230 DANICAE
1571 202 1770 231 MINORES

449 317 596 354 ratum
656 318 697 355 et
751 314 936 354 firmum
994 315 1241 367 habemus,
1305 316 1669 368 magnitudinem
1716 321 1843 357 tuam
1892 322 2104 369 rogantes

448 391 584 441 atque
618 391 869 438 monentes⁷
903 388 1121 441 quatinus
1153 393 1195 429 te
1228 389 1493 429 memoratis
1527 388 1743 430 fratribus
1776 390 2027 443 propitium
2062 395 2103 430 et

448 459 699 511 benignum
733 459 949 500 exhibeas
982 465 1023 501 et
1056 474 1213 501 eorum
1250 465 1490 515 protector,
1538 462 1782 503 auxiliator
1819 467 1862 503 et
1893 463 2105 503 defensor

448 532 626 572 existas.

1174 610 1272 657 Cap.
1307 610 1383 645 XV.

550 688 650 723 Item
685 688 820 724 littere
853 689 1013 725 domini
1046 691 1269 736 apostolici
1302 691 1353 726 ad
1387 691 1611 737 episcopos
1644 692 1694 727 de
1726 691 2003 728 translatione

1074 759 1261 795 eiusdem
1295 759 1481 796 claustri.

542 825 830 903 Alexander
862 863 1120 917 episcopus,
1159 877 1321 905 seruus
1354 877 1595 905 seruorum
1630 864 1716 916 dei,
1764 865 2103 906 venerabilibus

448 934 665 975 fratribus
697 936 919 976 Absaloni
953 936 1254 977 Roskeldensi
1294 941 1335 977 et
1369 937 1571 978 Suenoni
1603 937 1838 978 Arusiensi
1876 937 2103 991 episcopis

451 1008 644 1048 salutem
692 1012 732 1048 et
779 1009 1081 1062 apostolicam
1131 1009 1511 1050 benedictionem.
1551 1007 1562 1063 Η
1608 1010 1743 1060 Quod
1789 1010 1916 1051 iuxta
1962 1010 2099 1065 officij

446 1080 585 1120 uestri
618 1081 823 1121 debitum
859 1082 915 1121 ad
948 1082 1162 1122 decorem
1196 1084 1364 1123 domus
1396 1083 1575 1123 domini
1602 1087 1644 1123 et
1668 1084 1844 1124 cultum
1870 1083 2102 1135 religionis

447 1152 673 1193 feruenter
690 1158 731 1194 et
749 1155 952 1195 studiose
968 1155 1204 1196 intenditis
1229 1160 1270 1196 et
1292 1156 1338 1196 in
1359 1156 1493 1196 uinea
1513 1156 1690 1196 domini
1710 1157 1912 1197 Sabaoth
1930 1156 2103 1197 euulsis

445 1226 624 1266 tribulis
649 1227 876 1267 uiciorum
900 1227 1092 1268 uirtutes
1114 1228 1321 1281 plantare
1344 1228 1626 1281 desideratis,
1659 1229 1825 1280 gaudio
1848 1229 2102 1280 gaudemus

447 1302 488 1338 et
540 1299 702 1339 exinde
756 1300 1115 1341 sollicitudinem
1171 1306 1212 1342 et
1258 1301 1542 1354 diligentiam
1596 1305 1797 1342 uestram
1853 1302 2003 1353 dignis
2055 1301 2101 1341 in

446 1372 635 1412 domino
683 1373 899 1413 laudibus
943 1375 1340 1415 commendamus.
1404 1375 1547 1426 Vnde,
1594 1375 1702 1428 quia
1743 1388 1827 1415 uos
1866 1374 2102 1427 religiosos

446 1444 570 1484 uiros
603 1445 788 1496 diligere
821 1450 863 1486 et
894 1458 1025 1486 caros
1064 1451 1369 1502 acceptosque
1411 1448 1580 1488 habere
1613 1448 1950 1500 cognoscimus,
1998 1460 2101 1488 con-

446 1517 637 1558 fidenter
676 1531 757 1571 pro
798 1518 974 1559 dilectis
1007 1519 1111 1573 filijs
1145 1520 1313 1560 nostris
1346 1520 1545 1561 Brienno
1586 1521 1751 1561 abbate
1792 1533 1847 1561 ac
1884 1521 2101 1561 fratribus

445 1591 500 1629 de
549 1590 688 1631 Calue
734 1590 1064 1632 fraternitatem
1119 1597 1320 1633 uestram
1372 1604 1610 1646 rogamus,
1673 1607 1919 1634 monemus
1965 1597 2101 1646 atque

445 1664 738 1715 mandamus,
785 1664 1003 1718 quatinus
1043 1678 1124 1718 pro
1164 1665 1419 1707 reuerentia
1459 1665 1579 1706 beati
1613 1667 1733 1707 Petri
1772 1679 1826 1707 ac
1865 1670 2019 1707 nostra
2060 1670 2100 1706 et

444 1735 611 1776 intuitu
652 1736 883 1789 religionis
930 1742 972 1778 et
1018 1738 1271 1779 honestatis
1312 1752 1473 1779 eorum
1515 1739 1640 1792 ipsos
1681 1739 1892 1792 diligatis,
1941 1752 2100 1779 manu-

444 1809 635 1849 teneatis
661 1813 702 1849 et
728 1810 963 1851 honoretis
989 1815 1043 1863 et,
1076 1815 1126 1851 ut
1153 1811 1200 1852 in
1224 1811 1460 1865 proposito
1484 1811 1715 1864 religionis
1740 1817 1782 1853 et
1803 1812 2098 1853 obseruantia

445 1881 620 1921 ordinis
663 1882 846 1923 ualeant
889 1883 1080 1924 firmiter
1122 1897 1392 1938 permanere
1436 1889 1477 1925 et
1518 1885 1610 1926 otio
1658 1899 1855 1939 superne
1901 1890 2100 1926 contem-

445 1953 660 2006 plationis
693 1968 872 2008 uacare,
905 1956 969 1996 eis
1002 1957 1209 1997 fauorem
1244 1961 1286 1998 et
1317 1958 1542 1999 auxilium
1575 1958 1799 1999 tribuatis.
1849 1959 1944 1999 Nos
1976 1958 2097 1999 enim

443 2027 813 2080 translationem,
876 2042 1014 2082 quam
1064 2031 1118 2070 de
1165 2031 1446 2072 monasterio
1494 2044 1577 2072 suo
1624 2044 1649 2071 a
1698 2031 1798 2071 loco
1846 2032 1994 2083 VVeng
2040 2032 2098 2071 ad

444 2099 597 2140 locum
656 2101 815 2156 Calue.
856 2103 1126 2143 auctoritate
1183 2115 1455 2155 magnarum
1515 2117 1818 2157 personarum
1882 2103 2098 2154 fecerunt,

444 2185 623 2213 necnon
650 2177 691 2213 et
716 2176 1043 2216 concambium
1077 2176 1192 2216 inter
1224 2177 1350 2230 ipsos
1378 2180 1421 2217 et
1441 2188 1594 2229 regem
1618 2176 1805 2229 factum,
1830 2176 2098 2216 auctoritate

444 2246 695 2298 apostolica
743 2248 1127 2289 confirmauimus
1175 2253 1216 2289 et
1254 2249 1446 2290 firmiter
1492 2249 1537 2289 in
1581 2253 1816 2302 posterum
1861 2249 2098 2289 obseruari
2145 2242 2148 2244 ’

443 2318 747 2360 decreuimus.

1157 2398 1253 2445 Cap.
1286 2397 1387 2434 XVI.

494 2474 764 2521 Priuilegium
798 2477 959 2513 domini
992 2477 1214 2524 apostolici
1247 2477 1298 2514 de
1329 2478 1614 2514 translacione
1647 2478 1834 2514 eiusdem
1868 2478 2051 2514 claustri.

536 2545 826 2622 Alexander
858 2582 1116 2636 episcopus,
1164 2596 1327 2623 seruus
1364 2596 1607 2624 seruorum
1648 2583 1734 2635 dei,
1782 2582 1959 2623 dilectis
1990 2583 2097 2636 filijs

445 2652 643 2694 Brienno
688 2649 843 2695 abbati
877 2659 918 2695 et
949 2655 1168 2696 fratribus
1207 2656 1262 2695 de
1296 2656 1436 2696 Calue
1475 2656 1670 2696 salutem
1714 2660 1755 2695 et
1794 2655 2094 2708 apostolicam

414 2724 823 2774 ‘benedictionem.
881 2727 1109 2781 Propositi
1141 2732 1182 2767 et
1214 2728 1424 2781 desiderij
1462 2728 1604 2769 nostri
1637 2732 1715 2779 est,
1750 2728 1850 2781 paci
1883 2731 1925 2767 et
1956 2727 2096 2781 quieti

443 2797 763 2849 religiosorum
803 2803 992 2853 paterna
1040 2800 1348 2841 sollicitudine
1389 2805 1431 2840 et
1469 2801 1672 2854 diligenti
1712 2813 1822 2841 cura
1860 2800 2095 2841 intendere

444 2874 485 2909 et
517 2884 676 2911 eorum
710 2873 828 2912 uotis
861 2876 904 2912 et
934 2872 1240 2926 peticionibus
1269 2873 1519 2926 benignum
1546 2874 1752 2914 fauorem
1780 2877 1821 2913 et
1845 2872 2093 2925 gratuitum

1832 2975 1871 2998 .ui

535 3013 595 3047 11.
629 3013 748 3049 vinea
775 3014 935 3049 domini
963 3014 1241 3050 exercituum:
1273 3014 1390 3050 Isaioe
1407 3015 1443 3060 5,
1464 3013 1496 3050 7.
1560 3014 1624 3051 26.
1659 3013 1961 3059 confirmamus
1992 3023 2093 3049 corr.

446 3080 497 3107 m.
534 3069 566 3105 1.
599 3070 644 3107 C.
