2242 3551
415 950 455 981 10

415 1314 455 1344 15

415 1679 457 1709 20

301 1822 375 1854 Fol.
391 1819 462 1855 2OV.

416 2408 457 2439 30

412 2767 458 2804 ‘35

486 163 564 202 188
825 173 1102 202 SCRIPTORES
1135 172 1362 200 H1sToR1AE
1395 172 1572 200 DANICAE
1606 173 1803 201 M1NoREs

483 288 612 328 sitate
666 292 853 339 cogente
906 287 1157 341 aliquando
1216 287 1404 327 calicem
1464 300 1607 326 unum
1667 290 1818 327 minus
1861 287 2032 341 1aptum
2086 302 2138 329 eo

482 361 719 413 ignorante
752 361 807 400 de
839 359 970 399 altari
1004 359 1230 409 distraxit,
1265 360 1341 400 sed
1378 373 1459 412 pro
1494 373 1586 400 uno
1620 359 1760 400 calice
1793 360 1947 413 plures
1975 361 2138 401 calices

482 433 586 474 fecit
620 432 785 485 parari,
818 432 897 485 qui
931 445 1076 486 usque
1110 432 1247 472 hodie
1281 436 1386 472 sunt
1420 432 1465 472 in
1498 432 1755 473 ministerio
1788 432 1961 473 diuino.
2009 433 2139 473 Affir-

482 506 640 546 mabat
676 510 830 546 autem
872 518 918 544 se
966 505 1101 545 ualde
1148 505 1385 555 confundi,
1434 505 1470 545 si
1512 505 1703 558 penuria
1748 505 1941 546 fratrum
1983 506 2139 560 aliquo

482 578 645 619 inditio
678 579 732 619 ad
762 577 980 618 noticiam
1006 578 1282 618 secularium
1311 582 1465 630 posset
1490 578 1719 619 deuenire.
1769 579 1871 631 Ipse
1896 579 2142 632 supplebat

481 651 708 692 defectum
744 663 940 702 annone,
976 655 1016 690 et
1049 663 1211 691 omnes
1244 651 1382 691 simul
1415 650 1617 691 desectus
1651 651 1932 705 monasterij,
1972 651 2051 705 qui
2082 652 2138 692 ad

483 723 699 777 noticjam
749 723 846 763 eius
893 727 1224 776 peruenerunt,
1273 723 1525 775 reficiebat,
1573 724 1633 763 ita
1681 727 1729 763 ut
1775 736 1860 764 nec
1906 725 2140 764 mercedes

482 795 906 836 mercennariorum
956 800 1185 849 pateretur
1225 797 1393 837 deesse.
1458 796 1690 838 Omnibus
1734 797 1891 837 omnia
1935 809 1980 837 se
2022 796 2140 848 fecit,

482 872 531 909 ut
577 869 789 909 omnium
831 869 990 909 merita
1032 882 1114 909 sua
1159 869 1337 909 faceret.
1402 870 1653 923 Nunquam
1695 868 1886 910 ueniens
1924 870 1982 909 ad
2021 870 2141 910 clau-

482 946 642 993 strum,
690 954 742 982 ex
784 955 876 996 quo
917 942 1275 982 consuetudines
1316 943 1655 982 monachorum
1696 942 1843 992 sciuit⁷
1891 942 2007 983 ultra
2043 955 2141 995 pro-

483 1014 615 1054 cessit
663 1027 780 1067 equo
829 1028 969 1068 quam
1017 1015 1074 1054 ad
1123 1018 1325 1068 portam,
1380 1019 1421 1055 et
1475 1016 1692 1055 recedens
1742 1028 1833 1056 uon
1884 1015 1969 1055 nisi
2017 1019 2139 1055 extra

483 1091 663 1140 portam
697 1100 867 1140 equum
902 1087 1120 1128 ascendit.
1168 1088 1297 1128 Vnde
1325 1088 1515 1142 quidam
1542 1101 1689 1142 usque
1715 1088 1853 1129 hodie
1878 1088 2141 1141 exemplum

483 1160 580 1200 eius
612 1160 844 1200 imitantes
870 1161 958 1200 hoc
981 1159 1105 1200 idem
1132 1159 1318 1200 faciunt.
1369 1160 1413 1201 Si
1440 1160 1552 1201 sorte
1586 1160 1860 1202 occurrisset
1891 1160 2142 1202 conuentui

483 1233 609 1274 eunti
654 1233 712 1273 ad
760 1233 967 1273 laborem
1015 1233 1088 1273 uel
1134 1233 1242 1273 inde
1287 1233 1518 1284 redeunti,
1567 1233 1828 1274 retrahebat
1868 1247 1938 1286 se,
1984 1234 2142 1275 dicens

483 1305 725 1358 indignum
766 1319 812 1346 se
853 1319 951 1346 esse
991 1305 1181 1347 obuiare
1221 1306 1298 1357 eis,
1346 1318 1453 1346 cum
1501 1306 1669 1360 quibus
1718 1319 1899 1360 semper
1946 1311 1987 1348 et
2026 1307 2142 1347 inter

483 1392 599 1433 quos
645 1378 910 1419 affirmabat
955 1379 1143 1431 angelos
1190 1378 1258 1431 dej
1310 1380 1367 1419 ad
1415 1379 1674 1419 custodiam
1721 1380 2032 1420 deambulare.
2097 1380 2141 1421 Si

482 1455 634 1492 autem
679 1464 796 1504 equo
840 1451 1080 1492 insedisset
1118 1456 1159 1491 et
1204 1464 1296 1492 non
1339 1456 1493 1505 posset
1540 1452 1780 1504 diuertere,
1828 1452 1915 1493 nisi
1963 1452 2141 1505 rediret,

484 1524 803 1575 descendebat,
851 1529 893 1565 et
940 1537 1101 1564 omnes
1149 1537 1253 1565 cum
1300 1538 1367 1576 eo,
1416 1529 1458 1565 et
1505 1525 1739 1565 humiliter
1786 1525 1947 1577 stabat,
1996 1526 2143 1566 donec

484 1597 644 1638 fratres
679 1597 1016 1650 pertransirent.
1068 1597 1118 1637 In
1152 1602 1277 1637 tanta
1311 1610 1422 1650 pace
1455 1602 1495 1638 et
1528 1597 1857 1651 tranquillitate
1889 1599 2141 1639 claustrum

486 1675 526 1711 et
566 1683 636 1710 res
676 1669 863 1710 claustri
902 1670 1165 1722 custodiuit,
1213 1675 1261 1711 ut
1305 1684 1545 1724 nunquam
1579 1670 1746 1723 aliquis
1778 1670 2017 1722 abbatum,
2063 1670 2142 1724 qui

484 1744 529 1784 in
578 1743 742 1783 diebus
790 1742 886 1782 eius
935 1742 1220 1795 prefuerunt,
1269 1757 1453 1784 necesse
1500 1744 1689 1784 haberet
1736 1756 1818 1796 pro
1866 1756 2142 1797 quacunque

491 1829 629 1857 causa
677 1816 750 1855 uel
790 1817 931 1859 semel
971 1816 1028 1856 ad
1071 1828 1319 1857 commune
1358 1816 1578 1869 placitum
1619 1816 1897 1857 secularium
1928 1814 1940 1870 l>
1972 1817 2143 1868 uenire,

486 1889 593 1942 quia
640 1893 733 1928 tam
782 1891 932 1932 clerici
980 1901 1122 1943 quam
1170 1889 1273 1930 laici
1315 1890 1362 1929 in
1407 1902 1591 1929 summa
1639 1888 1936 1929 ueneratione
1980 1889 2142 1929 fratres

485 1961 732 2013 habebant,
780 1964 988 2004 uidentes
1028 1962 1298 2015 episcopum
1340 1975 1422 2015 pro
1463 1961 1527 2002 eis
1569 1975 1748 2015 semper
1787 1965 1829 2002 et
1867 1958 2039 2012 ubique
2071 1958 2142 1997 fir-

442 2045 454 2050 ·
485 2035 617 2075 miter
650 2039 780 2076 stare.
846 2036 946 2089 Ipse
980 2034 1267 2075 custodiebat
1300 2034 1511 2085 exterius,
1543 2034 1640 2087 ipse
1673 2034 1904 2075 reficiebat
1936 2030 2139 2071 interius.

486 2107 748 2160 Reficiebat,
796 2109 912 2160 dico,
960 2120 1053 2148 non
1102 2108 1252 2148 solum
1300 2108 1403 2148 cibo
1450 2107 1638 2159 carnali,
1686 2108 1764 2147 sed
1809 2107 1954 2147 multo
1996 2105 2141 2156 magis

485 2180 726 2233 spirituali,
772 2181 955 2234 replens
1000 2181 1254 2221 armarium
1305 2181 1494 2221 fratrum
1536 2180 1664 2221 libris
1704 2180 1927 2233 scripture
1969 2177 2139 2218 diuine.

486 2253 694 2293 Primum
743 2254 968 2294 ferculum
1015 2253 1266 2306 spirituale,
1313 2254 1436 2306 quod
1485 2253 1549 2293 eis
1588 2252 1848 2306 acquisiuit,
1896 2251 1981 2291 fuit
2026 2263 2141 2303 opus

487 2326 732 2366 Moralium
766 2326 887 2367 beati
921 2326 1137 2379 Gregorij,
1171 2326 1295 2379 quod
1328 2326 1509 2366 dulcius
1542 2330 1607 2366 est
1640 2330 1680 2366 et
1713 2326 1816 2378 plus
1846 2325 1964 2378 sapit
1988 2323 2142 2364 anime

485 2399 702 2439 omnibus
735 2399 837 2452 alijs
864 2399 1150 2439 lectionibus.
1201 2399 1389 2449 Deinde,
1423 2398 1689 2451 ubicunque
1721 2398 1923 2438 audisset
1954 2396 2140 2450 aliquod

485 2472 720 2523 uolumen,
768 2473 890 2526 quod
934 2484 1085 2512 mores
1127 2475 1280 2524 posset
1328 2471 1554 2524 edificare,
1603 2484 1695 2511 non
1739 2470 1949 2522 cessauit,
1995 2470 2143 2510 donec

484 2544 597 2585 illud
638 2545 839 2585 haberet.
903 2544 1029 2585 Fecit
1067 2544 1204 2584 etiam
1252 2543 1390 2584 scribi
1431 2543 1646 2584 historias
1689 2543 1910 2595 diuersas,
1957 2542 2037 2596 qui
2076 2545 2142 2583 est

486 2617 616 2657 cibus
649 2617 968 2670 paruulorum,
1004 2619 1140 2669 prout
1170 2616 1314 2656 abbas
1347 2616 1387 2656 ei
1420 2616 1655 2668 suggessit.
1719 2616 1820 2669 Ipse
1852 2615 1958 2656 fecit
1989 2614 2141 2667 parari

485 2701 838 2742 pergamenum,
894 2689 991 2743 ipse
1038 2688 1259 2730 conduxit
1305 2688 1550 2742 scriptores
1598 2693 1639 2729 et
1684 2687 2041 2739 illuminatores,
2100 2690 2142 2727 et

486 2775 672 2803 omnem
705 2775 865 2802 curam
898 2766 939 2802 et
971 2761 1254 2813 diligentiam
1298 2760 1524 2812 adhibuit,
1571 2765 1620 2801 ut
1663 2760 1805 2801 nichil
1847 2760 1911 2800 eis
1951 2760 2138 2800 deesset.

572 2872 607 2910 2,
643 2871 1108 2907 distraxitzvendidit.
1171 2871 1204 2906 8.
1239 2870 1472 2906 Omnibus.
1495 2900 1500 2906 .
1522 2870 1629 2914 fecit,
1661 2870 1731 2916 cfr.
1759 2869 1939 2906 Corinth.
1964 2869 1992 2914 I,
2021 2869 2056 2914 9,
2075 2867 2139 2904 22,

491 2929 550 2964 10.
591 2928 947 2964 consuetuedines
988 2928 1032 2964 C.
1114 2929 1172 2964 17.
1211 2927 1426 2963 insidisset
1458 2927 1502 2964 C.
1581 2928 1645 2965 32.
1687 2927 1885 2963 historias
1927 2926 2138 2962 diuersas:

485 2985 710 3031 significari
750 2985 938 3021 videniur
977 2986 1073 3021 iales
1112 2984 1214 3030 libri,
1264 2985 1401 3031 quales
1441 2987 1536 3020 sunt
1574 2984 1683 3020 Petri
1712 2984 1872 3030 Alfonsi
1910 2983 2136 3029 Disciplina

486 3043 680 3078 clericalis
712 3045 749 3078 ei
778 3043 940 3078 similes.
