<?xml version="1.0" encoding="UTF-8"?>
<!DOCTYPE html PUBLIC "-//W3C//DTD XHTML 1.0 Transitional//EN"
    "http://www.w3.org/TR/xhtml1/DTD/xhtml1-transitional.dtd">
<html xmlns="http://www.w3.org/1999/xhtml" xml:lang="en" lang="en">
 <head>
  <title>
</title>
<meta http-equiv="Content-Type" content="text/html;charset=utf-8" />
  <meta name='ocr-system' content='tesseract 3.04.00' />
  <meta name='ocr-capabilities' content='ocr_page ocr_carea ocr_par ocr_line ocrx_word'/>
</head>
<body>
  <div class='ocr_page' id='page_1' title='image "./scriptoresminore212gert/scriptoresminore212gert_0072.png"; bbox 0 0 2242 3551; ppageno 0'>
   <div class='ocr_carea' id='block_1_1' title="bbox 420 652 438 682">
    <p class='ocr_par' dir='ltr' id='par_1_1' title="bbox 420 652 438 682">
     <span class='ocr_line' id='line_1_1' title="bbox 420 652 438 682; baseline 0 0"><span class='ocrx_word' id='word_1_1' title='bbox 420 652 438 682; x_wconf 90' lang='lat'>5</span> 
     </span>
    </p>
   </div>
   <div class='ocr_carea' id='block_1_2' title="bbox 398 1017 438 1048">
    <p class='ocr_par' dir='ltr' id='par_1_2' title="bbox 398 1017 438 1048">
     <span class='ocr_line' id='line_1_2' title="bbox 398 1017 438 1048; baseline 0.05 -2"><span class='ocrx_word' id='word_1_2' title='bbox 398 1017 438 1048; x_wconf 95' lang='lat'>10</span> 
     </span>
    </p>
   </div>
   <div class='ocr_carea' id='block_1_3' title="bbox 405 1378 444 1409">
    <p class='ocr_par' dir='ltr' id='par_1_3' title="bbox 405 1378 444 1409">
     <span class='ocr_line' id='line_1_3' title="bbox 405 1378 444 1409; baseline 0 0"><span class='ocrx_word' id='word_1_3' title='bbox 405 1378 444 1409; x_wconf 87' lang='lat'>15</span> 
     </span>
    </p>
   </div>
   <div class='ocr_carea' id='block_1_4' title="bbox 406 1783 448 1813">
    <p class='ocr_par' dir='ltr' id='par_1_4' title="bbox 406 1783 448 1813">
     <span class='ocr_line' id='line_1_4' title="bbox 406 1783 448 1813; baseline 0.024 -1"><span class='ocrx_word' id='word_1_4' title='bbox 406 1783 448 1813; x_wconf 93' lang='lat'>20</span> 
     </span>
    </p>
   </div>
   <div class='ocr_carea' id='block_1_5' title="bbox 405 2127 446 2157">
    <p class='ocr_par' dir='ltr' id='par_1_5' title="bbox 405 2127 446 2157">
     <span class='ocr_line' id='line_1_5' title="bbox 405 2127 446 2157; baseline 0 0"><span class='ocrx_word' id='word_1_5' title='bbox 405 2127 446 2157; x_wconf 90' lang='lat'>25</span> 
     </span>
    </p>
   </div>
   <div class='ocr_carea' id='block_1_6' title="bbox 405 2466 448 2497">
    <p class='ocr_par' dir='ltr' id='par_1_6' title="bbox 405 2466 448 2497">
     <span class='ocr_line' id='line_1_6' title="bbox 405 2466 448 2497; baseline 0.023 -1"><span class='ocrx_word' id='word_1_6' title='bbox 405 2466 448 2497; x_wconf 88' lang='grc'>30</span> 
     </span>
    </p>
   </div>
   <div class='ocr_carea' id='block_1_7' title="bbox 474 225 1794 269">
    <p class='ocr_par' dir='ltr' id='par_1_7' title="bbox 474 225 1794 269">
     <span class='ocr_line' id='line_1_7' title="bbox 474 225 1794 269; baseline -0.002 0"><span class='ocrx_word' id='word_1_7' title='bbox 474 225 528 269; x_wconf 84' lang='grc'>62</span> <span class='ocrx_word' id='word_1_8' title='bbox 820 236 1094 268; x_wconf 71' lang='lat' dir='ltr'>scntprotffis</span> <span class='ocrx_word' id='word_1_9' title='bbox 1128 235 1354 268; x_wconf 76' lang='lat' dir='ltr'>msTomAE</span> <span class='ocrx_word' id='word_1_10' title='bbox 1386 235 1562 267; x_wconf 75' lang='lat' dir='ltr'>DANmAE</span> <span class='ocrx_word' id='word_1_11' title='bbox 1595 236 1794 267; x_wconf 61' lang='grc' dir='ltr'><strong>ΜΙΝΟΒΕΞ</strong></span> 
     </span>
    </p>
   </div>
   <div class='ocr_carea' id='block_1_8' title="bbox 464 352 2123 1713">
    <p class='ocr_par' dir='ltr' id='par_1_8' title="bbox 464 352 2123 1713">
     <span class='ocr_line' id='line_1_8' title="bbox 468 352 2122 407; baseline 0 -14"><span class='ocrx_word' id='word_1_12' title='bbox 468 354 607 394; x_wconf 87' lang='lat' dir='ltr'>semel</span> <span class='ocrx_word' id='word_1_13' title='bbox 639 353 893 394; x_wconf 87' lang='lat' dir='ltr'>orationem</span> <span class='ocrx_word' id='word_1_14' title='bbox 925 353 1209 394; x_wconf 81' lang='lat' dir='ltr'>dominicam</span> <span class='ocrx_word' id='word_1_15' title='bbox 1235 353 1383 394; x_wconf 83' lang='lat' dir='ltr'>dicere</span> <span class='ocrx_word' id='word_1_16' title='bbox 1409 366 1503 394; x_wconf 87' lang='lat' dir='ltr'>non</span> <span class='ocrx_word' id='word_1_17' title='bbox 1528 352 1865 407; x_wconf 75' lang='lat' dir='ltr'>pigritarentur.</span> <span class='ocrx_word' id='word_1_18' title='bbox 1915 352 1954 394; x_wconf 94' lang='grc' dir='ltr'><strong>Ο</strong></span> <span class='ocrx_word' id='word_1_19' title='bbox 1982 365 2122 406; x_wconf 88' lang='lat' dir='ltr'>quam</span> 
     </span>
     <span class='ocr_line' id='line_1_9' title="bbox 464 425 2123 479; baseline -0.001 -13"><span class='ocrx_word' id='word_1_20' title='bbox 464 426 765 477; x_wconf 77' lang='lat' dir='ltr'>irrefragabili</span> <span class='ocrx_word' id='word_1_21' title='bbox 815 425 1013 466; x_wconf 87' lang='lat' dir='ltr'>veritatis</span> <span class='ocrx_word' id='word_1_22' title='bbox 1060 426 1321 466; x_wconf 89' lang='lat' dir='ltr'>testimonio</span> <span class='ocrx_word' id='word_1_23' title='bbox 1370 426 1566 466; x_wconf 80' lang='lat' dir='ltr'>subnixa</span> <span class='ocrx_word' id='word_1_24' title='bbox 1615 429 1681 466; x_wconf 91' lang='lat' dir='ltr'>est</span> <span class='ocrx_word' id='word_1_25' title='bbox 1730 425 1975 476; x_wconf 90' lang='lat' dir='ltr'>sententia,</span> <span class='ocrx_word' id='word_1_26' title='bbox 2033 438 2123 479; x_wconf 89' lang='lat' dir='ltr'>qua</span> 
     </span>
     <span class='ocr_line' id='line_1_10' title="bbox 466 497 2123 552; baseline -0.001 -14"><span class='ocrx_word' id='word_1_27' title='bbox 466 499 643 550; x_wconf 76' lang='lat' dir='ltr'>dicitur,</span> <span class='ocrx_word' id='word_1_28' title='bbox 676 498 798 551; x_wconf 86' lang='lat' dir='ltr'>quia,</span> <span class='ocrx_word' id='word_1_29' title='bbox 828 498 921 551; x_wconf 79' lang='lat' dir='ltr'>cqui</span> <span class='ocrx_word' id='word_1_30' title='bbox 954 511 1037 551; x_wconf 92' lang='lat' dir='ltr'>pro</span> <span class='ocrx_word' id='word_1_31' title='bbox 1069 497 1160 538; x_wconf 93' lang='lat' dir='ltr'>alio</span> <span class='ocrx_word' id='word_1_32' title='bbox 1193 502 1305 549; x_wconf 89' lang='lat' dir='ltr'>orat,</span> <span class='ocrx_word' id='word_1_33' title='bbox 1338 512 1419 552; x_wconf 90' lang='lat' dir='ltr'>pro</span> <span class='ocrx_word' id='word_1_34' title='bbox 1455 511 1500 539; x_wconf 90' lang='lat' dir='ltr'>se</span> <span class='ocrx_word' id='word_1_35' title='bbox 1532 498 1633 550; x_wconf 90' lang='lat' dir='ltr'>ipso</span> <span class='ocrx_word' id='word_1_36' title='bbox 1667 498 1876 538; x_wconf 80' lang='lat' dir='ltr'>laborat&#39;!</span> <span class='ocrx_word' id='word_1_37' title='bbox 1927 497 1971 538; x_wconf 91' lang='lat' dir='ltr'>Si</span> <span class='ocrx_word' id='word_1_38' title='bbox 2000 497 2123 538; x_wconf 91' lang='lat' dir='ltr'>enim</span> 
     </span>
     <span class='ocr_line' id='line_1_11' title="bbox 466 570 2122 624; baseline -0.001 -13"><span class='ocrx_word' id='word_1_39' title='bbox 466 570 643 624; x_wconf 89' lang='lat' dir='ltr'>pietatis</span> <span class='ocrx_word' id='word_1_40' title='bbox 683 584 800 623; x_wconf 89' lang='lat' dir='ltr'>opus</span> <span class='ocrx_word' id='word_1_41' title='bbox 839 584 935 612; x_wconf 90' lang='lat' dir='ltr'>esse</span> <span class='ocrx_word' id='word_1_42' title='bbox 977 571 1188 623; x_wconf 89' lang='lat' dir='ltr'>creditur,</span> <span class='ocrx_word' id='word_1_43' title='bbox 1236 571 1393 612; x_wconf 85' lang='lat' dir='ltr'>fideles</span> <span class='ocrx_word' id='word_1_44' title='bbox 1436 584 1517 623; x_wconf 91' lang='lat' dir='ltr'>pro</span> <span class='ocrx_word' id='word_1_45' title='bbox 1563 570 1781 610; x_wconf 88' lang='lat' dir='ltr'>fratribus</span> <span class='ocrx_word' id='word_1_46' title='bbox 1813 574 1856 610; x_wconf 89' lang='lat' dir='ltr'>et</span> <span class='ocrx_word' id='word_1_47' title='bbox 1887 570 2122 623; x_wconf 79' lang='lat' dir='ltr'>proximis,</span> 
     </span>
     <span class='ocr_line' id='line_1_12' title="bbox 466 642 2122 698; baseline -0.001 -14"><span class='ocrx_word' id='word_1_48' title='bbox 466 644 543 698; x_wconf 89' lang='lat' dir='ltr'>qui</span> <span class='ocrx_word' id='word_1_49' title='bbox 576 644 730 684; x_wconf 89' lang='lat' dir='ltr'>adhuc</span> <span class='ocrx_word' id='word_1_50' title='bbox 761 643 937 684; x_wconf 90' lang='lat' dir='ltr'>iusticie</span> <span class='ocrx_word' id='word_1_51' title='bbox 971 657 1109 697; x_wconf 90' lang='lat' dir='ltr'>opera</span> <span class='ocrx_word' id='word_1_52' title='bbox 1134 656 1340 684; x_wconf 79' lang='lat' dir='ltr'>exercere</span> <span class='ocrx_word' id='word_1_53' title='bbox 1373 643 1640 696; x_wconf 79' lang='lat' dir='ltr'>premiaque</span> <span class='ocrx_word' id='word_1_54' title='bbox 1667 642 1845 683; x_wconf 88' lang='lat' dir='ltr'>iusticie</span> <span class='ocrx_word' id='word_1_55' title='bbox 1871 642 2122 695; x_wconf 87' lang='lat' dir='ltr'>promereri</span> 
     </span>
     <span class='ocr_line' id='line_1_13' title="bbox 465 715 2122 769; baseline -0.002 -12"><span class='ocrx_word' id='word_1_56' title='bbox 465 716 630 768; x_wconf 85' lang='lat' dir='ltr'>valent,</span> <span class='ocrx_word' id='word_1_57' title='bbox 663 729 807 768; x_wconf 81' lang='lat' dir='ltr'>orare,</span> <span class='ocrx_word' id='word_1_58' title='bbox 841 720 1014 769; x_wconf 91' lang='lat' dir='ltr'>quanto</span> <span class='ocrx_word' id='word_1_59' title='bbox 1050 716 1194 768; x_wconf 89' lang='lat' dir='ltr'>magis</span> <span class='ocrx_word' id='word_1_60' title='bbox 1226 716 1468 768; x_wconf 82' lang='lat' dir='ltr'>negocium</span> <span class='ocrx_word' id='word_1_61' title='bbox 1502 715 1680 768; x_wconf 88' lang='lat' dir='ltr'>pietatis</span> <span class='ocrx_word' id='word_1_62' title='bbox 1705 715 1832 755; x_wconf 89' lang='lat' dir='ltr'>omni</span> <span class='ocrx_word' id='word_1_63' title='bbox 1856 715 2122 768; x_wconf 79' lang='lat' dir='ltr'>acceptione</span> 
     </span>
     <span class='ocr_line' id='line_1_14' title="bbox 466 788 2122 842; baseline 0 -14"><span class='ocrx_word' id='word_1_64' title='bbox 466 789 657 840; x_wconf 92' lang='lat' dir='ltr'>dignum</span> <span class='ocrx_word' id='word_1_65' title='bbox 704 801 802 829; x_wconf 88' lang='lat' dir='ltr'>esse</span> <span class='ocrx_word' id='word_1_66' title='bbox 849 788 1108 829; x_wconf 72' lang='lat' dir='ltr'>censebitur</span> <span class='ocrx_word' id='word_1_67' title='bbox 1155 802 1236 842; x_wconf 92' lang='lat' dir='ltr'>pro</span> <span class='ocrx_word' id='word_1_68' title='bbox 1283 789 1530 829; x_wconf 88' lang='lat' dir='ltr'>animabus</span> <span class='ocrx_word' id='word_1_69' title='bbox 1578 788 1785 828; x_wconf 88' lang='lat' dir='ltr'>fidelium</span> <span class='ocrx_word' id='word_1_70' title='bbox 1829 788 2122 839; x_wconf 77' lang='lat' dir='ltr'>intercedere,</span> 
     </span>
     <span class='ocr_line' id='line_1_15' title="bbox 466 860 2122 916; baseline -0.001 -15"><span class='ocrx_word' id='word_1_71' title='bbox 466 874 553 914; x_wconf 91' lang='lat' dir='ltr'>que</span> <span class='ocrx_word' id='word_1_72' title='bbox 586 861 678 901; x_wconf 89' lang='lat' dir='ltr'>iam</span> <span class='ocrx_word' id='word_1_73' title='bbox 710 872 794 901; x_wconf 89' lang='lat' dir='ltr'>nec</span> <span class='ocrx_word' id='word_1_74' title='bbox 825 873 963 913; x_wconf 88' lang='lat' dir='ltr'>opera</span> <span class='ocrx_word' id='word_1_75' title='bbox 992 861 1184 913; x_wconf 89' lang='lat' dir='ltr'>iusticie,</span> <span class='ocrx_word' id='word_1_76' title='bbox 1218 875 1297 914; x_wconf 89' lang='lat' dir='ltr'>per</span> <span class='ocrx_word' id='word_1_77' title='bbox 1320 874 1409 916; x_wconf 88' lang='lat' dir='ltr'>que</span> <span class='ocrx_word' id='word_1_78' title='bbox 1435 861 1557 901; x_wconf 89' lang='lat' dir='ltr'>bona</span> <span class='ocrx_word' id='word_1_79' title='bbox 1584 860 1745 901; x_wconf 90' lang='lat' dir='ltr'>merita</span> <span class='ocrx_word' id='word_1_80' title='bbox 1768 860 2122 913; x_wconf 88' lang='lat' dir='ltr'>conquiruntur,</span> 
     </span>
     <span class='ocr_line' id='line_1_16' title="bbox 466 933 2122 987; baseline -0.001 -14"><span class='ocrx_word' id='word_1_81' title='bbox 466 933 643 986; x_wconf 89' lang='lat' dir='ltr'>operari</span> <span class='ocrx_word' id='word_1_82' title='bbox 682 946 765 973; x_wconf 91' lang='lat' dir='ltr'>nec</span> <span class='ocrx_word' id='word_1_83' title='bbox 804 934 923 974; x_wconf 90' lang='lat' dir='ltr'>ultra</span> <span class='ocrx_word' id='word_1_84' title='bbox 966 935 1023 974; x_wconf 90' lang='lat' dir='ltr'>ad</span> <span class='ocrx_word' id='word_1_85' title='bbox 1066 934 1264 987; x_wconf 85' lang='lat' dir='ltr'>proximi</span> <span class='ocrx_word' id='word_1_86' title='bbox 1305 934 1506 974; x_wconf 91' lang='lat' dir='ltr'>remedia</span> <span class='ocrx_word' id='word_1_87' title='bbox 1551 934 1794 985; x_wconf 71' lang='lat' dir='ltr'>confugere</span> <span class='ocrx_word' id='word_1_88' title='bbox 1826 933 1992 981; x_wconf 87' lang='lat' dir='ltr'>valent,</span> <span class='ocrx_word' id='word_1_89' title='bbox 2044 934 2122 972; x_wconf 90' lang='lat' dir='ltr'>sed</span> 
     </span>
     <span class='ocr_line' id='line_1_17' title="bbox 465 1006 2121 1059; baseline 0 -14"><span class='ocrx_word' id='word_1_90' title='bbox 465 1006 760 1046; x_wconf 90' lang='lat' dir='ltr'>solummodo</span> <span class='ocrx_word' id='word_1_91' title='bbox 793 1010 1088 1058; x_wconf 91' lang='lat' dir='ltr'>peccatorum</span> <span class='ocrx_word' id='word_1_92' title='bbox 1122 1011 1163 1046; x_wconf 91' lang='lat' dir='ltr'>et</span> <span class='ocrx_word' id='word_1_93' title='bbox 1196 1006 1575 1059; x_wconf 77' lang='lat' dir='ltr'>negligentiarum</span> <span class='ocrx_word' id='word_1_94' title='bbox 1609 1019 1796 1046; x_wconf 90' lang='lat' dir='ltr'>suarum</span> <span class='ocrx_word' id='word_1_95' title='bbox 1831 1019 1974 1058; x_wconf 91' lang='lat' dir='ltr'>penas</span> <span class='ocrx_word' id='word_1_96' title='bbox 2003 1006 2121 1045; x_wconf 90' lang='lat' dir='ltr'>iusta</span> 
     </span>
     <span class='ocr_line' id='line_1_18' title="bbox 470 1078 2122 1131; baseline -0.001 -13"><span class='ocrx_word' id='word_1_97' title='bbox 470 1078 724 1118; x_wconf 87' lang='lat' dir='ltr'>diuinitatis</span> <span class='ocrx_word' id='word_1_98' title='bbox 756 1091 950 1118; x_wconf 87' lang='lat' dir='ltr'>censura</span> <span class='ocrx_word' id='word_1_99' title='bbox 981 1079 1158 1119; x_wconf 89' lang='lat' dir='ltr'>soluere</span> <span class='ocrx_word' id='word_1_100' title='bbox 1191 1081 1434 1131; x_wconf 84' lang='lat' dir='ltr'>coguntur!</span> <span class='ocrx_word' id='word_1_101' title='bbox 1500 1079 1665 1120; x_wconf 86' lang='lat' dir='ltr'>Sancta</span> <span class='ocrx_word' id='word_1_102' title='bbox 1699 1090 1803 1131; x_wconf 90' lang='lat' dir='ltr'>ergo</span> <span class='ocrx_word' id='word_1_103' title='bbox 1839 1083 1881 1119; x_wconf 87' lang='lat' dir='ltr'>et</span> <span class='ocrx_word' id='word_1_104' title='bbox 1924 1078 2122 1118; x_wconf 88' lang='lat' dir='ltr'>salubris</span> 
     </span>
     <span class='ocr_line' id='line_1_19' title="bbox 472 1150 2041 1205; baseline 0 -15"><span class='ocrx_word' id='word_1_105' title='bbox 472 1154 537 1191; x_wconf 91' lang='lat' dir='ltr'>est</span> <span class='ocrx_word' id='word_1_106' title='bbox 568 1150 781 1202; x_wconf 87' lang='lat' dir='ltr'>cogitatio</span> <span class='ocrx_word' id='word_1_107' title='bbox 813 1164 895 1203; x_wconf 92' lang='lat' dir='ltr'>pro</span> <span class='ocrx_word' id='word_1_108' title='bbox 928 1151 1154 1191; x_wconf 88' lang='lat' dir='ltr'>defunctis</span> <span class='ocrx_word' id='word_1_109' title='bbox 1187 1165 1387 1203; x_wconf 79' lang='lat' dir='ltr'>exorare,</span> <span class='ocrx_word' id='word_1_110' title='bbox 1420 1156 1469 1192; x_wconf 88' lang='lat' dir='ltr'>ut</span> <span class='ocrx_word' id='word_1_111' title='bbox 1500 1165 1526 1192; x_wconf 93' lang='lat' dir='ltr'>a</span> <span class='ocrx_word' id='word_1_112' title='bbox 1559 1151 1756 1205; x_wconf 90' lang='lat' dir='ltr'>peccatis</span> <span class='ocrx_word' id='word_1_113' title='bbox 1789 1151 2041 1191; x_wconf 88' lang='lat' dir='ltr'>soluantur.</span> 
     </span>
     <span class='ocr_line' id='line_1_20' title="bbox 558 1223 2121 1277; baseline -0.001 -13"><span class='ocrx_word' id='word_1_114' title='bbox 558 1223 804 1264; x_wconf 85' lang='lat' dir='ltr'>Sciendum</span> <span class='ocrx_word' id='word_1_115' title='bbox 860 1227 1035 1275; x_wconf 91' lang='lat' dir='ltr'>autem,</span> <span class='ocrx_word' id='word_1_116' title='bbox 1096 1223 1203 1277; x_wconf 91' lang='lat' dir='ltr'>quia</span> <span class='ocrx_word' id='word_1_117' title='bbox 1258 1228 1540 1265; x_wconf 88' lang='lat' dir='ltr'>memoratus</span> <span class='ocrx_word' id='word_1_118' title='bbox 1594 1223 1966 1276; x_wconf 84' lang='lat' dir='ltr'>archiepiscopus</span> <span class='ocrx_word' id='word_1_119' title='bbox 2028 1236 2121 1263; x_wconf 92' lang='lat' dir='ltr'>non</span> 
     </span>
     <span class='ocr_line' id='line_1_21' title="bbox 473 1295 2121 1349; baseline 0 -14"><span class='ocrx_word' id='word_1_120' title='bbox 473 1296 623 1336; x_wconf 90' lang='lat' dir='ltr'>solum</span> <span class='ocrx_word' id='word_1_121' title='bbox 663 1296 951 1348; x_wconf 87' lang='lat' dir='ltr'>prerogatiua</span> <span class='ocrx_word' id='word_1_122' title='bbox 991 1296 1214 1349; x_wconf 85' lang='lat' dir='ltr'>primatus</span> <span class='ocrx_word' id='word_1_123' title='bbox 1256 1298 1332 1337; x_wconf 90' lang='lat' dir='ltr'>sed</span> <span class='ocrx_word' id='word_1_124' title='bbox 1375 1297 1513 1337; x_wconf 86' lang='lat' dir='ltr'>etiam</span> <span class='ocrx_word' id='word_1_125' title='bbox 1544 1296 1761 1348; x_wconf 88' lang='lat' dir='ltr'>dignitate</span> <span class='ocrx_word' id='word_1_126' title='bbox 1799 1295 1960 1348; x_wconf 88' lang='lat' dir='ltr'>legatie</span> <span class='ocrx_word' id='word_1_127' title='bbox 2000 1295 2121 1335; x_wconf 89' lang='lat' dir='ltr'>sedis</span> 
     </span>
     <span class='ocr_line' id='line_1_22' title="bbox 471 1367 2121 1422; baseline 0.001 -15"><span class='ocrx_word' id='word_1_128' title='bbox 471 1367 719 1420; x_wconf 89' lang='lat' dir='ltr'>apostolice</span> <span class='ocrx_word' id='word_1_129' title='bbox 752 1381 888 1420; x_wconf 89' lang='lat' dir='ltr'>super</span> <span class='ocrx_word' id='word_1_130' title='bbox 919 1379 1057 1420; x_wconf 89' lang='lat' dir='ltr'>regna</span> <span class='ocrx_word' id='word_1_131' title='bbox 1090 1369 1377 1422; x_wconf 87' lang='lat' dir='ltr'>aquilonaria</span> <span class='ocrx_word' id='word_1_132' title='bbox 1411 1369 1686 1410; x_wconf 90' lang='lat' dir='ltr'>sublimatus</span> <span class='ocrx_word' id='word_1_133' title='bbox 1718 1368 1880 1408; x_wconf 90' lang='lat' dir='ltr'>merito</span> <span class='ocrx_word' id='word_1_134' title='bbox 1913 1372 2020 1420; x_wconf 85' lang='lat' dir='ltr'>erat,</span> <span class='ocrx_word' id='word_1_135' title='bbox 2060 1368 2121 1408; x_wconf 92' lang='lat' dir='ltr'>ita</span> 
     </span>
     <span class='ocr_line' id='line_1_23' title="bbox 473 1439 2121 1494; baseline 0.001 -15"><span class='ocrx_word' id='word_1_136' title='bbox 473 1444 534 1491; x_wconf 90' lang='lat' dir='ltr'>ut,</span> <span class='ocrx_word' id='word_1_137' title='bbox 580 1439 800 1493; x_wconf 89' lang='lat' dir='ltr'>quicquid</span> <span class='ocrx_word' id='word_1_138' title='bbox 842 1454 1080 1494; x_wconf 90' lang='lat' dir='ltr'>perperam</span> <span class='ocrx_word' id='word_1_139' title='bbox 1120 1440 1166 1481; x_wconf 91' lang='lat' dir='ltr'>in</span> <span class='ocrx_word' id='word_1_140' title='bbox 1213 1441 1363 1493; x_wconf 88' lang='lat' dir='ltr'>regnis</span> <span class='ocrx_word' id='word_1_141' title='bbox 1404 1442 1555 1494; x_wconf 88' lang='lat' dir='ltr'>Dacie,</span> <span class='ocrx_word' id='word_1_142' title='bbox 1605 1442 1763 1482; x_wconf 87' lang='lat' dir='ltr'>Suecie</span> <span class='ocrx_word' id='word_1_143' title='bbox 1803 1445 1844 1482; x_wconf 90' lang='lat' dir='ltr'>et</span> <span class='ocrx_word' id='word_1_144' title='bbox 1886 1440 2121 1492; x_wconf 82' lang='lat' dir='ltr'>Norwegie</span> 
     </span>
     <span class='ocr_line' id='line_1_24' title="bbox 472 1512 2122 1567; baseline 0.001 -16"><span class='ocrx_word' id='word_1_145' title='bbox 472 1512 631 1552; x_wconf 87' lang='lat' dir='ltr'>fuisset</span> <span class='ocrx_word' id='word_1_146' title='bbox 662 1516 830 1564; x_wconf 88' lang='lat' dir='ltr'>actum,</span> <span class='ocrx_word' id='word_1_147' title='bbox 876 1513 972 1566; x_wconf 91' lang='lat' dir='ltr'>ipse</span> <span class='ocrx_word' id='word_1_148' title='bbox 1012 1514 1207 1566; x_wconf 82' lang='lat' dir='ltr'>perfecte</span> <span class='ocrx_word' id='word_1_149' title='bbox 1247 1515 1444 1554; x_wconf 89' lang='lat' dir='ltr'>solueret</span> <span class='ocrx_word' id='word_1_150' title='bbox 1475 1519 1515 1555; x_wconf 89' lang='lat' dir='ltr'>et</span> <span class='ocrx_word' id='word_1_151' title='bbox 1548 1515 1845 1567; x_wconf 90' lang='lat' dir='ltr'>dispensaret.</span> <span class='ocrx_word' id='word_1_152' title='bbox 1909 1514 2122 1564; x_wconf 84' lang='lat' dir='ltr'>Quantus</span> 
     </span>
     <span class='ocr_line' id='line_1_25' title="bbox 473 1584 2120 1639; baseline 0.001 -15"><span class='ocrx_word' id='word_1_153' title='bbox 473 1584 664 1624; x_wconf 90' lang='lat' dir='ltr'>clericus</span> <span class='ocrx_word' id='word_1_154' title='bbox 695 1584 844 1637; x_wconf 86' lang='lat' dir='ltr'>fuerit,</span> <span class='ocrx_word' id='word_1_155' title='bbox 878 1586 991 1626; x_wconf 91' lang='lat' dir='ltr'>scire</span> <span class='ocrx_word' id='word_1_156' title='bbox 1022 1586 1101 1639; x_wconf 91' lang='lat' dir='ltr'>qui</span> <span class='ocrx_word' id='word_1_157' title='bbox 1133 1586 1372 1638; x_wconf 78' lang='lat' dir='ltr'>desiderat,</span> <span class='ocrx_word' id='word_1_158' title='bbox 1406 1587 1522 1638; x_wconf 86' lang='lat' dir='ltr'>legat</span> <span class='ocrx_word' id='word_1_159' title='bbox 1553 1587 1737 1639; x_wconf 89' lang='lat' dir='ltr'>librum,</span> <span class='ocrx_word' id='word_1_160' title='bbox 1771 1599 1908 1639; x_wconf 92' lang='lat' dir='ltr'>quem</span> <span class='ocrx_word' id='word_1_161' title='bbox 1936 1586 2120 1626; x_wconf 90' lang='lat' dir='ltr'>metrice</span> 
     </span>
     <span class='ocr_line' id='line_1_26' title="bbox 473 1656 2062 1713; baseline 0.001 -17"><span class='ocrx_word' id='word_1_162' title='bbox 473 1656 746 1709; x_wconf 87' lang='lat' dir='ltr'>composuit,</span> <span class='ocrx_word' id='word_1_163' title='bbox 780 1658 857 1711; x_wconf 94' lang='lat' dir='ltr'>qui</span> <span class='ocrx_word' id='word_1_164' title='bbox 888 1658 1173 1698; x_wconf 73' lang='lat' dir='ltr'>‘Exameron&#39;</span> <span class='ocrx_word' id='word_1_165' title='bbox 1207 1659 1474 1712; x_wconf 89' lang='lat' dir='ltr'>appellatur,</span> <span class='ocrx_word' id='word_1_166' title='bbox 1508 1659 1586 1713; x_wconf 91' lang='lat' dir='ltr'>qui</span> <span class='ocrx_word' id='word_1_167' title='bbox 1619 1659 1755 1700; x_wconf 88' lang='lat' dir='ltr'>etiam</span> <span class='ocrx_word' id='word_1_168' title='bbox 1789 1659 1854 1699; x_wconf 92' lang='lat' dir='ltr'>sic</span> <span class='ocrx_word' id='word_1_169' title='bbox 1884 1658 2062 1711; x_wconf 87' lang='lat' dir='ltr'>incipit:</span> 
     </span>
    </p>
   </div>
   <div class='ocr_carea' id='block_1_9' title="bbox 707 1775 1914 2646">
    <p class='ocr_par' dir='ltr' id='par_1_9' title="bbox 709 1775 1652 1823">
     <span class='ocr_line' id='line_1_27' title="bbox 709 1775 1652 1823; baseline 0.003 -13"><span class='ocrx_word' id='word_1_170' title='bbox 709 1775 863 1810; x_wconf 86' lang='lat' dir='ltr'>Eterna</span> <span class='ocrx_word' id='word_1_171' title='bbox 896 1775 978 1811; x_wconf 88' lang='lat' dir='ltr'>vita</span> <span class='ocrx_word' id='word_1_172' title='bbox 1010 1775 1140 1811; x_wconf 91' lang='lat' dir='ltr'>nichil</span> <span class='ocrx_word' id='word_1_173' title='bbox 1172 1779 1234 1811; x_wconf 88' lang='lat' dir='ltr'>est</span> <span class='ocrx_word' id='word_1_174' title='bbox 1264 1775 1428 1812; x_wconf 90' lang='lat' dir='ltr'>felicius</span> <span class='ocrx_word' id='word_1_175' title='bbox 1460 1787 1652 1823; x_wconf 83' lang='lat' dir='ltr'>usquam,</span> 
     </span>
    </p>

    <p class='ocr_par' dir='ltr' id='par_1_10' title="bbox 708 1844 1666 1881">
     <span class='ocr_line' id='line_1_28' title="bbox 708 1844 1666 1881; baseline 0.002 -2"><span class='ocrx_word' id='word_1_176' title='bbox 708 1846 849 1879; x_wconf 87' lang='lat' dir='ltr'>eterna</span> <span class='ocrx_word' id='word_1_177' title='bbox 883 1847 1015 1880; x_wconf 87' lang='lat' dir='ltr'>morte</span> <span class='ocrx_word' id='word_1_178' title='bbox 1049 1844 1178 1879; x_wconf 87' lang='lat' dir='ltr'>nichil</span> <span class='ocrx_word' id='word_1_179' title='bbox 1211 1844 1432 1881; x_wconf 87' lang='lat' dir='ltr'>infelicius.</span> <span class='ocrx_word' id='word_1_180' title='bbox 1493 1846 1666 1881; x_wconf 81' lang='lat' dir='ltr'>Omnem</span> 
     </span>
    </p>

    <p class='ocr_par' dir='ltr' id='par_1_11' title="bbox 707 1904 1898 2235">
     <span class='ocr_line' id='line_1_29' title="bbox 708 1904 1669 1950; baseline 0.003 -3"><span class='ocrx_word' id='word_1_181' title='bbox 708 1904 786 1947; x_wconf 88' lang='lat' dir='ltr'>hec</span> <span class='ocrx_word' id='word_1_182' title='bbox 817 1913 858 1947; x_wconf 90' lang='lat' dir='ltr'>in</span> <span class='ocrx_word' id='word_1_183' title='bbox 892 1912 1029 1948; x_wconf 86' lang='lat' dir='ltr'>leticia</span> <span class='ocrx_word' id='word_1_184' title='bbox 1061 1913 1320 1949; x_wconf 83' lang='lat' dir='ltr'>transcendit</span> <span class='ocrx_word' id='word_1_185' title='bbox 1352 1917 1390 1949; x_wconf 91' lang='lat' dir='ltr'>et</span> <span class='ocrx_word' id='word_1_186' title='bbox 1421 1914 1491 1950; x_wconf 91' lang='lat' dir='ltr'>illa</span> <span class='ocrx_word' id='word_1_187' title='bbox 1523 1914 1669 1950; x_wconf 87' lang='lat' dir='ltr'>dolore</span> 
     </span>
     <span class='ocr_line' id='line_1_30' title="bbox 708 1982 1898 2029; baseline 0.002 -13"><span class='ocrx_word' id='word_1_188' title='bbox 708 1984 959 2027; x_wconf 90' lang='lat' dir='ltr'>conceptum</span> <span class='ocrx_word' id='word_1_189' title='bbox 994 1982 1160 2026; x_wconf 73' lang='lat' dir='ltr'>mentis,</span> <span class='ocrx_word' id='word_1_190' title='bbox 1194 1984 1386 2017; x_wconf 81' lang='lat' dir='ltr'>neutram</span> <span class='ocrx_word' id='word_1_191' title='bbox 1419 1983 1724 2029; x_wconf 86' lang='lat' dir='ltr'>comprendere</span> <span class='ocrx_word' id='word_1_192' title='bbox 1750 1993 1898 2019; x_wconf 92' lang='lat' dir='ltr'>sensus</span> 
     </span>
     <span class='ocr_line' id='line_1_31' title="bbox 707 2049 1791 2098; baseline 0.004 -14"><span class='ocrx_word' id='word_1_193' title='bbox 707 2049 862 2085; x_wconf 89' lang='lat' dir='ltr'>sufficit</span> <span class='ocrx_word' id='word_1_194' title='bbox 894 2050 1117 2093; x_wconf 88' lang='lat' dir='ltr'>humanus,</span> <span class='ocrx_word' id='word_1_195' title='bbox 1150 2053 1341 2086; x_wconf 80' lang='lat' dir='ltr'>neutram</span> <span class='ocrx_word' id='word_1_196' title='bbox 1374 2051 1607 2087; x_wconf 79' lang='lat' dir='ltr'>describere</span> <span class='ocrx_word' id='word_1_197' title='bbox 1639 2051 1791 2098; x_wconf 87' lang='lat' dir='ltr'>lingua.</span> 
     </span>
     <span class='ocr_line' id='line_1_32' title="bbox 710 2118 1879 2167; baseline 0.003 -14"><span class='ocrx_word' id='word_1_198' title='bbox 710 2118 799 2153; x_wconf 92' lang='lat' dir='ltr'>Hoc</span> <span class='ocrx_word' id='word_1_199' title='bbox 831 2129 1004 2164; x_wconf 89' lang='lat' dir='ltr'>presens</span> <span class='ocrx_word' id='word_1_200' title='bbox 1036 2119 1207 2164; x_wconf 89' lang='lat' dir='ltr'>seclum,</span> <span class='ocrx_word' id='word_1_201' title='bbox 1239 2120 1521 2156; x_wconf 85' lang='lat' dir='ltr'>claudendum</span> <span class='ocrx_word' id='word_1_202' title='bbox 1554 2120 1636 2156; x_wconf 90' lang='lat' dir='ltr'>fine</span> <span class='ocrx_word' id='word_1_203' title='bbox 1667 2132 1879 2167; x_wconf 83' lang='lat' dir='ltr'>supremo,</span> 
     </span>
     <span class='ocr_line' id='line_1_33' title="bbox 709 2187 1783 2235; baseline 0.003 -13"><span class='ocrx_word' id='word_1_204' title='bbox 709 2190 770 2222; x_wconf 84' lang='lat' dir='ltr'>est</span> <span class='ocrx_word' id='word_1_205' title='bbox 801 2187 921 2233; x_wconf 90' lang='lat' dir='ltr'>quasi</span> <span class='ocrx_word' id='word_1_206' title='bbox 954 2191 1225 2233; x_wconf 84' lang='lat' dir='ltr'>momentum,</span> <span class='ocrx_word' id='word_1_207' title='bbox 1257 2188 1457 2224; x_wconf 88' lang='lat' dir='ltr'>collatum</span> <span class='ocrx_word' id='word_1_208' title='bbox 1490 2189 1572 2224; x_wconf 87' lang='lat' dir='ltr'>fine</span> <span class='ocrx_word' id='word_1_209' title='bbox 1604 2189 1783 2235; x_wconf 79' lang='lat' dir='ltr'>carenti3</span> 
     </span>
    </p>

    <p class='ocr_par' dir='ltr' id='par_1_12' title="bbox 707 2255 1914 2646">
     <span class='ocr_line' id='line_1_34' title="bbox 708 2255 1803 2304; baseline 0.004 -14"><span class='ocrx_word' id='word_1_210' title='bbox 708 2255 780 2291; x_wconf 86' lang='lat' dir='ltr'>sed</span> <span class='ocrx_word' id='word_1_211' title='bbox 815 2255 946 2291; x_wconf 90' lang='lat' dir='ltr'>multo</span> <span class='ocrx_word' id='word_1_212' title='bbox 979 2256 1151 2292; x_wconf 88' lang='lat' dir='ltr'>breuius</span> <span class='ocrx_word' id='word_1_213' title='bbox 1183 2256 1295 2292; x_wconf 88' lang='lat' dir='ltr'>seclo</span> <span class='ocrx_word' id='word_1_214' title='bbox 1327 2257 1516 2303; x_wconf 85' lang='lat' dir='ltr'>spacium</span> <span class='ocrx_word' id='word_1_215' title='bbox 1550 2258 1681 2304; x_wconf 89' lang='lat' dir='ltr'>liquet</span> <span class='ocrx_word' id='word_1_216' title='bbox 1713 2269 1803 2294; x_wconf 89' lang='lat' dir='ltr'>esse</span> 
     </span>
     <span class='ocr_line' id='line_1_35' title="bbox 708 2324 1733 2372; baseline 0.004 -14"><span class='ocrx_word' id='word_1_217' title='bbox 708 2324 891 2359; x_wconf 88' lang='lat' dir='ltr'>humane</span> <span class='ocrx_word' id='word_1_218' title='bbox 923 2324 1016 2367; x_wconf 89' lang='lat' dir='ltr'>vite,</span> <span class='ocrx_word' id='word_1_219' title='bbox 1047 2325 1115 2360; x_wconf 86' lang='lat' dir='ltr'>cui</span> <span class='ocrx_word' id='word_1_220' title='bbox 1147 2336 1261 2360; x_wconf 84' lang='lat' dir='ltr'>mors</span> <span class='ocrx_word' id='word_1_221' title='bbox 1292 2325 1357 2361; x_wconf 83' lang='lat' dir='ltr'>vel</span> <span class='ocrx_word' id='word_1_222' title='bbox 1389 2326 1471 2361; x_wconf 89' lang='lat' dir='ltr'>vita</span> <span class='ocrx_word' id='word_1_223' title='bbox 1505 2327 1733 2372; x_wconf 86' lang='lat' dir='ltr'>perhennis</span> 
     </span>
     <span class='ocr_line' id='line_1_36' title="bbox 707 2393 1775 2440; baseline 0.003 -13"><span class='ocrx_word' id='word_1_224' title='bbox 707 2402 875 2438; x_wconf 88' lang='lat' dir='ltr'>semper</span> <span class='ocrx_word' id='word_1_225' title='bbox 905 2393 1102 2433; x_wconf 88' lang='lat' dir='ltr'>succedit,</span> <span class='ocrx_word' id='word_1_226' title='bbox 1134 2394 1328 2440; x_wconf 87' lang='lat' dir='ltr'>reprobis</span> <span class='ocrx_word' id='word_1_227' title='bbox 1360 2404 1485 2439; x_wconf 91' lang='lat' dir='ltr'>mors,</span> <span class='ocrx_word' id='word_1_228' title='bbox 1518 2395 1601 2430; x_wconf 87' lang='lat' dir='ltr'>vita</span> <span class='ocrx_word' id='word_1_229' title='bbox 1633 2395 1775 2431; x_wconf 87' lang='lat' dir='ltr'>beatis.</span> 
     </span>
     <span class='ocr_line' id='line_1_37' title="bbox 709 2460 1886 2509; baseline 0.003 -14"><span class='ocrx_word' id='word_1_230' title='bbox 709 2460 810 2504; x_wconf 84' lang='lat' dir='ltr'>Quis</span> <span class='ocrx_word' id='word_1_231' title='bbox 843 2461 962 2496; x_wconf 91' lang='lat' dir='ltr'>furor</span> <span class='ocrx_word' id='word_1_232' title='bbox 993 2464 1054 2496; x_wconf 90' lang='lat' dir='ltr'>est</span> <span class='ocrx_word' id='word_1_233' title='bbox 1085 2470 1194 2507; x_wconf 86' lang='lat' dir='ltr'>ergo,</span> <span class='ocrx_word' id='word_1_234' title='bbox 1226 2462 1363 2508; x_wconf 89' lang='lat' dir='ltr'>qualis</span> <span class='ocrx_word' id='word_1_235' title='bbox 1397 2463 1671 2509; x_wconf 88' lang='lat' dir='ltr'>presumptio,</span> <span class='ocrx_word' id='word_1_236' title='bbox 1703 2466 1886 2509; x_wconf 86' lang='lat' dir='ltr'>quantus</span> 
     </span>
     <span class='ocr_line' id='line_1_38' title="bbox 708 2529 1914 2578; baseline 0.003 -14"><span class='ocrx_word' id='word_1_237' title='bbox 708 2539 839 2573; x_wconf 87' lang='lat' dir='ltr'>error,</span> <span class='ocrx_word' id='word_1_238' title='bbox 871 2530 931 2565; x_wconf 91' lang='lat' dir='ltr'>sic</span> <span class='ocrx_word' id='word_1_239' title='bbox 963 2529 1144 2576; x_wconf 87' lang='lat' dir='ltr'>aliquem</span> <span class='ocrx_word' id='word_1_240' title='bbox 1177 2541 1425 2576; x_wconf 86' lang='lat' dir='ltr'>percurrere</span> <span class='ocrx_word' id='word_1_241' title='bbox 1458 2534 1540 2567; x_wconf 89' lang='lat' dir='ltr'>tam</span> <span class='ocrx_word' id='word_1_242' title='bbox 1574 2532 1702 2567; x_wconf 89' lang='lat' dir='ltr'>breue</span> <span class='ocrx_word' id='word_1_243' title='bbox 1734 2535 1914 2578; x_wconf 84' lang='lat' dir='ltr'>tempus,</span> 
     </span>
     <span class='ocr_line' id='line_1_39' title="bbox 710 2599 1697 2646; baseline 0.003 -13"><span class='ocrx_word' id='word_1_244' title='bbox 710 2601 753 2633; x_wconf 93' lang='lat' dir='ltr'>ut</span> <span class='ocrx_word' id='word_1_245' title='bbox 788 2608 902 2634; x_wconf 92' lang='lat' dir='ltr'>mors</span> <span class='ocrx_word' id='word_1_246' title='bbox 934 2601 1137 2644; x_wconf 89' lang='lat' dir='ltr'>queratur</span> <span class='ocrx_word' id='word_1_247' title='bbox 1168 2601 1208 2634; x_wconf 83' lang='lat' dir='ltr'>et</span> <span class='ocrx_word' id='word_1_248' title='bbox 1238 2599 1321 2634; x_wconf 86' lang='lat' dir='ltr'>vita</span> <span class='ocrx_word' id='word_1_249' title='bbox 1354 2599 1473 2634; x_wconf 90' lang='lat' dir='ltr'>beata</span> <span class='ocrx_word' id='word_1_250' title='bbox 1504 2599 1697 2646; x_wconf 77' lang='lat' dir='ltr'>fugetur?</span> 
     </span>
    </p>
   </div>
   <div class='ocr_carea' id='block_1_10' title="bbox 1132 2700 2091 2705">
    <p class='ocr_par' dir='ltr' id='par_1_13' title="bbox 1132 2700 2091 2705">
     <span class='ocr_line' id='line_1_40' title="bbox 1132 2700 2091 2705; baseline 0 0"><span class='ocrx_word' id='word_1_251' title='bbox 1132 2700 2091 2705; x_wconf 95' lang='lat' dir='ltr'> </span> 
     </span>
    </p>
   </div>
   <div class='ocr_carea' id='block_1_11' title="bbox 475 2761 2120 3148">
    <p class='ocr_par' dir='ltr' id='par_1_14' title="bbox 475 2761 2120 3148">
     <span class='ocr_line' id='line_1_41' title="bbox 563 2761 2119 2811; baseline 0.001 -14"><span class='ocrx_word' id='word_1_252' title='bbox 563 2761 624 2798; x_wconf 89' lang='lat'>13.</span> <span class='ocrx_word' id='word_1_253' title='bbox 665 2761 889 2798; x_wconf 89' lang='lat' dir='ltr'>Sciendum</span> <span class='ocrx_word' id='word_1_254' title='bbox 930 2767 1067 2797; x_wconf 82' lang='lat' dir='ltr'>autem</span> <span class='ocrx_word' id='word_1_255' title='bbox 1111 2765 1183 2807; x_wconf 91' lang='lat' dir='ltr'>est,</span> <span class='ocrx_word' id='word_1_256' title='bbox 1229 2763 1342 2808; x_wconf 89' lang='lat' dir='ltr'>quod</span> <span class='ocrx_word' id='word_1_257' title='bbox 1385 2774 1503 2800; x_wconf 88' lang='lat' dir='ltr'>mem.</span> <span class='ocrx_word' id='word_1_258' title='bbox 1540 2765 1586 2803; x_wconf 76' lang='lat' dir='ltr'>H.</span> <span class='ocrx_word' id='word_1_259' title='bbox 1668 2766 1728 2800; x_wconf 94' lang='lat'>14.</span> <span class='ocrx_word' id='word_1_260' title='bbox 1770 2765 1842 2801; x_wconf 89' lang='lat' dir='ltr'>sed</span> <span class='ocrx_word' id='word_1_261' title='bbox 1875 2767 1914 2800; x_wconf 91' lang='lat' dir='ltr'>et</span> <span class='ocrx_word' id='word_1_262' title='bbox 1945 2765 1981 2801; x_wconf 91' lang='lat' dir='ltr'>d.</span> <span class='ocrx_word' id='word_1_263' title='bbox 2015 2764 2119 2811; x_wconf 86' lang='lat' dir='ltr'>lega-</span> 
     </span>
     <span class='ocr_line' id='line_1_42' title="bbox 475 2819 2119 2867; baseline 0.002 -13"><span class='ocrx_word' id='word_1_264' title='bbox 475 2819 601 2854; x_wconf 86' lang='lat' dir='ltr'>tionis</span> <span class='ocrx_word' id='word_1_265' title='bbox 627 2819 674 2855; x_wconf 79' lang='lat' dir='ltr'>H.</span> <span class='ocrx_word' id='word_1_266' title='bbox 742 2820 802 2855; x_wconf 87' lang='lat'>16.</span> <span class='ocrx_word' id='word_1_267' title='bbox 834 2819 1036 2865; x_wconf 91' lang='lat' dir='ltr'>quicquid</span> <span class='ocrx_word' id='word_1_268' title='bbox 1062 2820 1119 2864; x_wconf 80' lang='grc' dir='ltr'>Μ;</span> <span class='ocrx_word' id='word_1_269' title='bbox 1151 2820 1336 2866; x_wconf 91' lang='lat' dir='ltr'>quicqui.</span> <span class='ocrx_word' id='word_1_270' title='bbox 1365 2821 1411 2865; x_wconf 82' lang='lat' dir='ltr'>H,</span> <span class='ocrx_word' id='word_1_271' title='bbox 1442 2821 1510 2856; x_wconf 86' lang='lat' dir='ltr'>sed</span> <span class='ocrx_word' id='word_1_272' title='bbox 1533 2832 1634 2860; x_wconf 76' lang='lat' dir='ltr'>corr.</span> <span class='ocrx_word' id='word_1_273' title='bbox 1661 2833 1712 2857; x_wconf 87' lang='lat' dir='ltr'>m.</span> <span class='ocrx_word' id='word_1_274' title='bbox 1744 2822 1764 2858; x_wconf 86' lang='lat'><em>1</em></span> <span class='ocrx_word' id='word_1_275' title='bbox 1798 2822 1839 2857; x_wconf 86' lang='lat' dir='ltr'>in</span> <span class='ocrx_word' id='word_1_276' title='bbox 1874 2822 2119 2867; x_wconf 89' lang='lat' dir='ltr'>quidquam,</span> 
     </span>
     <span class='ocr_line' id='line_1_43' title="bbox 475 2875 2120 2924; baseline 0.002 -14"><span class='ocrx_word' id='word_1_277' title='bbox 475 2875 583 2921; x_wconf 84' lang='lat' dir='ltr'>quod</span> <span class='ocrx_word' id='word_1_278' title='bbox 613 2875 734 2911; x_wconf 77' lang='lat' dir='ltr'>habet</span> <span class='ocrx_word' id='word_1_279' title='bbox 758 2875 797 2912; x_wconf 92' lang='lat' dir='ltr'>S.</span> <span class='ocrx_word' id='word_1_280' title='bbox 863 2876 924 2912; x_wconf 89' lang='lat'>18.</span> <span class='ocrx_word' id='word_1_281' title='bbox 957 2876 1082 2912; x_wconf 88' lang='lat' dir='ltr'>fuerit</span> <span class='ocrx_word' id='word_1_282' title='bbox 1114 2876 1291 2912; x_wconf 90' lang='lat' dir='ltr'>clericus</span> <span class='ocrx_word' id='word_1_283' title='bbox 1320 2878 1367 2912; x_wconf 91' lang='lat' dir='ltr'>H.</span> <span class='ocrx_word' id='word_1_284' title='bbox 1429 2878 1491 2913; x_wconf 90' lang='lat'>20.</span> <span class='ocrx_word' id='word_1_285' title='bbox 1526 2889 1711 2924; x_wconf 90' lang='lat' dir='ltr'>unquam</span> <span class='ocrx_word' id='word_1_286' title='bbox 1739 2879 1829 2914; x_wconf 86' lang='grc' dir='ltr'>ΜΗ.</span> <span class='ocrx_word' id='word_1_287' title='bbox 1891 2880 1954 2915; x_wconf 92' lang='lat'>21.</span> <span class='ocrx_word' id='word_1_288' title='bbox 1986 2878 2120 2914; x_wconf 87' lang='lat' dir='ltr'>infeli-</span> 
     </span>
     <span class='ocr_line' id='line_1_44' title="bbox 475 2932 2120 2980; baseline 0.002 -13"><span class='ocrx_word' id='word_1_289' title='bbox 475 2932 575 2969; x_wconf 81' lang='lat' dir='ltr'>eius.</span> <span class='ocrx_word' id='word_1_290' title='bbox 609 2932 783 2968; x_wconf 92' lang='lat' dir='ltr'>Omnem</span> <span class='ocrx_word' id='word_1_291' title='bbox 817 2932 961 2978; x_wconf 77' lang='lat' dir='ltr'>scrtpsi</span> <span class='ocrx_word' id='word_1_292' title='bbox 993 2933 1086 2976; x_wconf 83' lang='lat' dir='ltr'>(vid.</span> <span class='ocrx_word' id='word_1_293' title='bbox 1118 2933 1237 2969; x_wconf 84' lang='lat' dir='ltr'>editio</span> <span class='ocrx_word' id='word_1_294' title='bbox 1269 2944 1357 2969; x_wconf 79' lang='lat' dir='ltr'>mea</span> <span class='ocrx_word' id='word_1_295' title='bbox 1385 2934 1802 2979; x_wconf 74' lang='lat' dir='ltr'>HeaeameriAudreoe‚</span> <span class='ocrx_word' id='word_1_296' title='bbox 1836 2945 1925 2980; x_wconf 81' lang='lat' dir='ltr'>quoe</span> <span class='ocrx_word' id='word_1_297' title='bbox 1942 2935 2120 2970; x_wconf 81' lang='lat' dir='ltr'>Hauniae</span> 
     </span>
     <span class='ocr_line' id='line_1_45' title="bbox 478 2989 2119 3038; baseline 0.002 -14"><span class='ocrx_word' id='word_1_298' title='bbox 478 2989 583 3025; x_wconf 79' lang='lat'><em>1892</em></span> <span class='ocrx_word' id='word_1_299' title='bbox 625 2989 798 3035; x_wconf 79' lang='lat' dir='ltr'>prodiit;</span> <span class='ocrx_word' id='word_1_300' title='bbox 859 3000 908 3025; x_wconf 72' lang='lat' dir='ltr'>ex</span> <span class='ocrx_word' id='word_1_301' title='bbox 958 3001 1003 3025; x_wconf 78' lang='lat' dir='ltr'>ea</span> <span class='ocrx_word' id='word_1_302' title='bbox 1054 2990 1353 3026; x_wconf 79' lang='lat' dir='ltr'>emendationes</span> <span class='ocrx_word' id='word_1_303' title='bbox 1398 2990 1463 3026; x_wconf 80' lang='lat' dir='ltr'>hic</span> <span class='ocrx_word' id='word_1_304' title='bbox 1508 2991 1548 3027; x_wconf 91' lang='lat' dir='ltr'>in</span> <span class='ocrx_word' id='word_1_305' title='bbox 1598 2994 1703 3028; x_wconf 76' lang='lat' dir='ltr'>textu</span> <span class='ocrx_word' id='word_1_306' title='bbox 1747 2992 1879 3038; x_wconf 78' lang='lat' dir='ltr'>factas</span> <span class='ocrx_word' id='word_1_307' title='bbox 1922 2992 2119 3037; x_wconf 79' lang='lat' dir='ltr'>sumpsi),-</span> 
     </span>
     <span class='ocr_line' id='line_1_46' title="bbox 476 3046 2119 3094; baseline 0.001 -13"><span class='ocrx_word' id='word_1_308' title='bbox 476 3047 517 3081; x_wconf 92' lang='lat' dir='ltr'>in</span> <span class='ocrx_word' id='word_1_309' title='bbox 553 3046 715 3082; x_wconf 88' lang='lat' dir='ltr'>felicius</span> <span class='ocrx_word' id='word_1_310' title='bbox 753 3057 875 3082; x_wconf 87' lang='lat' dir='ltr'>omen</span> <span class='ocrx_word' id='word_1_311' title='bbox 918 3047 1006 3083; x_wconf 85' lang='lat' dir='ltr'>MH.</span> <span class='ocrx_word' id='word_1_312' title='bbox 1083 3047 1145 3083; x_wconf 90' lang='lat'>23.</span> <span class='ocrx_word' id='word_1_313' title='bbox 1189 3048 1338 3083; x_wconf 86' lang='lat' dir='ltr'>mentis</span> <span class='ocrx_word' id='word_1_314' title='bbox 1379 3051 1452 3084; x_wconf 87' lang='lat' dir='ltr'>etc.</span> <span class='ocrx_word' id='word_1_315' title='bbox 1489 3049 1535 3093; x_wconf 84' lang='lat' dir='ltr'>H,</span> <span class='ocrx_word' id='word_1_316' title='bbox 1581 3049 1740 3085; x_wconf 80' lang='lat' dir='ltr'>omissis</span> <span class='ocrx_word' id='word_1_317' title='bbox 1787 3049 1949 3094; x_wconf 78' lang='lat' dir='ltr'>reliquis</span> <span class='ocrx_word' id='word_1_318' title='bbox 1996 3059 2119 3094; x_wconf 82' lang='lat' dir='ltr'>usque</span> 
     </span>
     <span class='ocr_line' id='line_1_47' title="bbox 476 3102 1721 3148; baseline 0.002 -10"><span class='ocrx_word' id='word_1_319' title='bbox 476 3103 529 3138; x_wconf 78' lang='lat' dir='ltr'>ad</span> <span class='ocrx_word' id='word_1_320' title='bbox 556 3113 594 3148; x_wconf 82' lang='grc' dir='ltr'>ρ.</span> <span class='ocrx_word' id='word_1_321' title='bbox 630 3102 773 3145; x_wconf 81' lang='lat'>63,18.</span> <span class='ocrx_word' id='word_1_322' title='bbox 836 3104 980 3138; x_wconf 83' lang='lat'>2324.</span> <span class='ocrx_word' id='word_1_323' title='bbox 1016 3107 1208 3139; x_wconf 85' lang='lat' dir='ltr'>neutrum</span> <span class='ocrx_word' id='word_1_324' title='bbox 1244 3105 1294 3140; x_wconf 88' lang='lat' dir='ltr'>M.</span> <span class='ocrx_word' id='word_1_325' title='bbox 1355 3105 1418 3141; x_wconf 90' lang='lat'>24.</span> <span class='ocrx_word' id='word_1_326' title='bbox 1451 3106 1637 3141; x_wconf 89' lang='lat' dir='ltr'>scribere</span> <span class='ocrx_word' id='word_1_327' title='bbox 1669 3107 1721 3142; x_wconf 84' lang='lat' dir='ltr'>M.</span> 
     </span>
    </p>
   </div>
  </div>
 </body>
</html>
