2242 3551
389 946 430 977 10

389 1309 429 1340 15

389 1670 432 1701 20

390 2032 431 2062 25

390 2395 432 2425 30

458 162 510 202 40
798 174 1072 204 SCRIPTORES
1105 176 1331 207 HISTORIAE
1364 177 1539 206 DANICAE
1571 177 1769 205 MINORES

458 288 678 328 auditum.
744 288 838 328 Hec
885 291 926 327 et
972 288 1043 330 his
1088 290 1255 331 similia
1300 291 1344 331 in
1394 291 1510 331 libro
1557 294 1718 343 quarto
1765 290 1821 330 de
1868 290 2099 331 miraculis

458 360 663 401 eiusdem
696 359 839 400 sancti
872 362 1161 413 reperiuntur
1192 364 1492 404 abundanter.

544 432 771 473 MCLIIII.
850 433 1159 486 Desponsauit
1213 437 1535 476 Waldemarus
1592 435 1834 488 Sophiam,
1896 446 2098 475 sororem

458 504 639 555 Kanuti,
670 506 728 555 (et
760 505 1039 546 reconciliati
1071 511 1177 547 sunt
1209 519 1346 560 reges.
1405 507 1545 548 Addit.
1580 508 1688 557 rec).

544 577 718 618 MCLV.
784 578 919 618 Facta
963 582 1027 618 est
1069 592 1157 632 pax
1196 580 1312 621 inter
1352 580 1609 620 Suenonem
1652 591 1817 632 regem,
1866 580 2099 620 Kanutum

456 655 497 691 et
528 650 891 698 Waldemarum,
939 650 996 691 ita
1045 655 1094 692 ut
1140 652 1330 706 quilibet
1372 665 1529 692 eorum
1574 656 1700 705 parte
1742 665 1824 692 sua
1865 652 1920 692 de
1962 663 2100 703 regno

456 726 696 764 contentus
729 736 826 763 esse
858 723 1051 764 deberet.

541 794 756 846 (MCLVI.
820 796 985 848 Sueno‚
1032 796 1199 837 violata
1238 810 1316 850 per
1354 798 1505 851 ipsum
1548 798 1636 838 fide
1675 801 1715 838 et
1747 810 1872 850 pace,
1921 797 2100 849 fugatus

457 872 522 909 est
568 867 614 907 in
662 867 931 917 Saxoniam3
988 869 1259 924 rediensque
1307 883 1412 911 cum
1460 871 1575 911 duce
1623 870 1821 911 Henrico
1869 874 1910 911 et
1956 870 2101 910 multo

457 940 641 992 auxilio,
674 944 723 980 ut
754 945 1033 993 expugnaret
1066 942 1297 982 Kanutum
1332 946 1373 982 et
1398 943 1760 991 Waldemarum,
1781 976 1788 983 .
1810 976 1816 982 .
1838 976 1844 983 .
1865 946 1906 983 et
1938 942 2101 983 iterum

456 1013 580 1065 fugit.
629 1011 771 1053 Addit.
806 1012 901 1065 rec.)

541 1084 780 1138 (MCLVII.
844 1086 995 1126 Sueno
1028 1086 1192 1127 iterum
1226 1087 1371 1138 rediit,
1412 1100 1571 1141 pacem
1604 1087 1721 1138 fecit,
1754 1091 1795 1139 et
1826 1087 2102 1140 tripartitum

457 1162 522 1199 est
553 1168 766 1209 regnum3
802 1158 1121 1199 Waldemarus
1155 1159 1277 1200 enim
1312 1160 1495 1200 sortitus
1524 1163 1591 1200 est
1606 1159 1795 1211 Jutiam,
1829 1163 1870 1200 et
1896 1160 2104 1199 Kanulus

458 1230 738 1272 Sialandiam
781 1243 885 1271 cum
930 1230 1092 1271 insulis
1125 1231 1569 1283 circumiacentibus,
1617 1236 1658 1272 θῖ
1692 1233 1842 1273 Sueno
1877 1231 2102 1272 Scaniam.

458 1303 544 1344 Sed
585 1302 656 1343 his
696 1316 788 1343 non
829 1307 1070 1344 contentus
1103 1304 1253 1345 Sueno
1294 1318 1401 1345 mox
1435 1305 1669 1345 Kanutum
1704 1304 1962 1345 Roschildis
1997 1304 2103 1344 dolo

458 1375 635 1417 occidit.
685 1373 827 1416 Addit.
861 1376 955 1427 rec.)

544 1448 743 1490 MCLVI.
808 1448 1016 1488 Kanutus
1056 1461 1133 1489 rex
1180 1462 1204 1489 a
1248 1450 1458 1490 Suenone
1503 1448 1733 1490 Roskildis
1773 1449 2016 1498 occiditur3
2064 1453 2105 1488 et

457 1521 781 1562 Waldemarus
813 1520 1077 1561 vulneratus
1104 1521 1216 1574 fugit
1239 1522 1283 1562 in
1302 1522 1477 1563 Jutiam
1501 1521 1750 1563 adiuuante
1774 1534 1878 1562 eum
1900 1522 2104 1562 Esberno

458 1593 616 1634 Snarae
649 1590 711 1646 (in
744 1592 816 1633 die
848 1592 993 1633 sancti
1027 1593 1244 1645 Seuerini,
1278 1593 1420 1635 Addit.
1455 1594 1558 1646 vet).

546 1665 768 1706 MCLVII.
832 1665 953 1706 Suen
992 1678 1069 1706 rex
1107 1665 1370 1707 interfectus
1409 1670 1475 1706 est
1516 1666 1561 1706 in
1605 1667 1799 1718 Graffiae,
1846 1671 1887 1707 et
1926 1667 2105 1707 Walde-

460 1751 616 1778 marus
648 1737 847 1778 obtinuit
880 1738 1213 1779 monarchiam.

547 1810 792 1851 MCLVIII.
884 1810 1085 1850 Absalon
1146 1811 1292 1851 factus
1353 1815 1417 1851 est
1476 1811 1718 1864 episcopus
1776 1812 2103 1853 Roskildensis.

461 1883 721 1924 claustrum
754 1882 853 1923 Vite
887 1883 1018 1923 Scola
1051 1883 1270 1923 fundatur
1300 1883 1345 1924 in
1378 1884 1514 1925 Jutia.

547 1954 747 1996 MCLXI.
798 1955 896 1995 Hoc
927 1968 1049 1995 anno
1082 1959 1338 1996 conuentus
1371 1957 1707 1997 monachorum
1742 1956 2103 1998 Cistertiensium

459 2026 581 2067 venit
612 2027 657 2067 in
692 2027 865 2067 Soram.
932 2027 985 2066 Et
1017 2027 1132 2067 Tuta
1166 2028 1295 2068 vallis
1328 2029 1373 2068 in
1406 2028 1529 2069 Jutia
1563 2029 1752 2070 fundata
1785 2033 1861 2070 est.

546 2099 792 2140 MCLXIII.
864 2100 1187 2140 Waldemarus
1234 2100 1378 2141 adiuit
1422 2101 1745 2154 imperatorem
1793 2100 2101 2154 (Fredericum

459 2172 580 2225 apud
629 2171 860 2212 ciuitatem
910 2172 1179 2224 Metensem‚
1233 2172 1374 2213 Addit.
1425 2173 1527 2225 vet).
1620 2174 1675 2214 Et
1729 2177 1863 2215 natus
1916 2178 1981 2214 est
2028 2188 2103 2215 rex

461 2245 682 2295 Kanutus,
716 2243 838 2284 filius
871 2243 1074 2284 eiusdem
1108 2244 1403 2286 Waldemari.

546 2316 764 2357 MCLXV.
828 2316 1089 2357 Claustrum
1123 2316 1212 2357 Dm
1253 2316 1299 2356 in
1332 2317 1455 2357 Jutia
1489 2318 1731 2359 fundatum
1767 2323 1831 2360 est
1863 2332 1969 2359 xlm.
2006 2320 2100 2360 Kal.

460 2387 624 2441 Martij.

467 2538 473 2541 ⁴
546 2533 581 2567 4.
630 2532 885 2568 reconsiliati
929 2533 976 2576 H,
1022 2534 1064 2568 ut
1108 2532 1215 2568 solet.
1291 2533 1324 2569 5.
1364 2536 1426 2569 est
1464 2545 1541 2570 om.
1587 2535 1632 2570 H.
1710 2536 1744 2571 6.
1783 2546 1857 2571 sua
1900 2538 2016 2581 parte
2057 2536 2102 2572 H.

461 2590 608 2626 8—-16,
642 2600 723 2625 ηοη
749 2589 930 2626 habetH.
996 2590 1055 2625 10.
1085 2589 1504 2636 postWaldemarum
1539 2592 1677 2638 aliqua
1704 2592 1895 2628 excidisse
1921 2595 2101 2638 apparet,

459 2646 598 2681 saltem
632 2646 726 2682 hoc:
762 2647 985 2682 frustratus
1019 2649 1090 2682 est.
1155 2647 1215 2682 17.
1248 2646 1394 2682 Debuit
1424 2658 1505 2683 esse
1536 2659 1688 2685 MCLvn.
1764 2649 2028 2695 Roschyldiae
2056 2650 2102 2686 H.

463 2704 523 2739 19.
553 2704 682 2740 Snare
710 2704 755 2739 H.
832 2701 1116 2751 Sevenirini(!)
1134 2704 1179 2739 H.
1241 2704 1304 2739 20.
1331 2707 1391 2739 est
1416 2715 1492 2740 om.
1513 2706 1558 2741 H.
1635 2707 1790 2742 Grathe
1814 2707 1867 2751 H3
1899 2707 2044 2742 Gran-e
2063 2706 2101 2742 S.

461 2761 524 2796 22.
559 2760 742 2796 Absolon
778 2761 824 2796 H.
918 2761 1094 2797 22—23.
1136 2760 1475 2806 Roschyldensis‚
1522 2766 1569 2798 et
1609 2774 1641 2799 c.
1674 2763 1775 2799 Vitae
1809 2763 1959 2799 Schola
1994 2764 2017 2800 f.
2053 2764 2100 2800 H.

462 2818 638 2853 24—25.
661 2817 718 2852 sic
738 2817 853 2854 scrib.
876 2812 1028 2854 inSHS:
1060 2818 1178 2853 Anno
1211 2817 1282 2852 dfii
1315 2828 1424 2853 MCLx
1455 2816 1546 2866 (sicl
1576 2820 1644 2855 sed
1677 2820 1718 2856 in
1742 2820 1774 2855 H
1803 2821 1908 2856 1160
1931 2831 2031 2856 corr.
2055 2831 2104 2856 ecc

465 2872 587 2922 1159)
629 2875 732 2909 Tuta
773 2874 892 2910 vallis
932 2875 972 2910 in
1012 2874 1122 2910 Jutia
1163 2873 1334 2910 fundata
1374 2868 1455 2911 ests
1508 2877 1626 2912 Anno
1667 2877 1738 2912 dfii
1779 2887 1949 2912 .M.c.Lxr.
2014 2878 2102 2912 Hoc

461 2942 571 2966 anno
605 2942 721 2967 conv.
756 2943 865 2967 mon.
899 2931 1236 2968 Cistersiensium
1270 2931 1382 2966 venit
1414 2932 1454 2967 in
1489 2933 1645 2969 Soram.
1707 2933 1801 2969 Posi
1839 2933 2010 2969 fundata
2042 2937 2103 2969 est

460 2987 542 3023 alia
575 2999 722 3023 manus
755 2989 795 3024 in
827 2989 859 3024 H
892 2988 990 3036 (non
1017 2986 1060 3035 S)
1091 2987 1319 3023 addiderat:
1352 2991 1493 3034 trygge
1526 2989 1632 3026 dalls
1664 2991 1836 3036 closter3
1868 3001 1946 3036 quo
1977 2991 2102 3026 deleto

462 3045 501 3080 in
541 3045 665 3080 altero
709 3046 895 3091 maryine
926 3046 1108 3081 additum
1142 3047 1214 3080 est:
1260 3045 1377 3081 Tuitz
1411 3046 1584 3083 Closter.
1665 3048 1726 3084 26.
1760 3047 2019 3083 Fridericum
2056 3048 2100 3084 H.

462 3102 524 3138 29.
559 3105 619 3138 θεῖ
650 3113 727 3139 om.
761 3103 806 3139 H.
892 3113 974 3139 xm.
1008 3102 1175 3138 Calend.
1211 3102 1344 3148 Martij
1383 3103 1428 3137 H.
