2242 3551
378 220 437 248 DE
471 219 790 249 PROFECTIONE
822 220 1042 249 DANORVM
1075 221 1120 249 IN
1153 220 1512 250 HIEROSOLYMAM
1693 211 1776 251 465

108 335 367 389 apostolica
415 334 595 386 directi,
657 334 761 385 hec,
824 347 913 387 que
966 348 1107 388 supra
1162 335 1385 387 diximus,
1448 336 1494 376 in
1542 341 1775 377 conuentu

107 408 324 450 *omnium
354 407 613 448 referentes.
662 406 799 457 Quod
832 420 911 447 rex
943 407 1138 448 audiens
1170 412 1213 448 et
1245 408 1452 449 uniuersi
1485 409 1776 450 considentes

111 481 159 522 in
191 480 512 534 profusionem
543 480 892 533 lachrymarum
926 484 969 520 et
1004 480 1203 533 suspiria
1236 482 1548 533 resoluuntur,
1581 486 1631 522 ut
1653 483 1777 535 peni-

105 557 183 594 tus
231 566 393 594 omnes
441 553 827 604 obmutescerent,
875 564 960 593 nec
1006 553 1180 593 ualeret
1227 554 1459 607 quispiam
1500 568 1775 608 responsum

111 627 221 667 dare
267 626 587 677 narrantibus,
639 624 820 665 tristitie
874 625 1193 677 magnitudine
1247 631 1437 667 cunctos
1485 628 1774 668 absorbente.
1803 640 1821 669 5

110 699 323 739 Tandem
355 698 401 738 in
434 712 481 739 se
512 698 701 751 reuersi,
748 701 988 750 resumpto
1028 698 1207 751 spiritu,
1254 703 1478 752 ruperunt
1518 700 1775 750 silentium;

106 771 218 825 quia
254 771 319 812 sic
350 771 449 812 fieri
481 771 743 825 frequenter
775 771 957 823 assolet,
996 771 1153 811 audita
1186 771 1371 811 insolita
1405 785 1559 813 rerum
1593 784 1776 825 magna-

111 858 213 885 rum
248 844 467 885 nouitate.
517 844 633 894 Quis
665 848 819 885 autem
854 844 1042 884 illorum
1075 843 1148 884 his
1180 848 1275 884 tam
1304 845 1562 897 magnificis
1588 850 1775 899 tamque

104 917 318 958 tristibus
350 917 533 958 nunciis
566 918 848 971 respondere
871 916 1119 969 debuisset,
1152 916 1231 956 uix
1255 916 1492 958 inuentum
1518 923 1596 970 est,
1629 919 1777 959 donec

106 1003 159 1031 se
190 990 393 1031 inuicem
426 990 739 1031 confortantes
771 989 1044 1031 animarent.
1207 993 1209 995 “
1804 1004 1845 1034 10

106 1175 248 1221 *Caput
278 1174 344 1211 V.:
393 1174 516 1219 Quod
548 1173 843 1219 Esbernus,
890 1172 1021 1209 frater
1051 1173 1277 1209 Absolonis
1310 1173 1634 1220 archiepiscopi,
1682 1185 1777 1221 pro-

109 1232 262 1268 bitates
302 1235 341 1268 et
380 1235 494 1278 gesta
535 1231 746 1267 maiorum
788 1231 1167 1267 commemorando
1205 1231 1350 1278 plures
1383 1232 1436 1267 ad
1468 1231 1547 1268 iter
1581 1232 1778 1269 Hieroso-

668 1288 922 1336 lymitanum
956 1288 1221 1325 animauerit.

210 1359 294 1437 Et
341 1407 445 1435 ecce
492 1394 577 1444 uir,
625 1394 816 1435 nomine
864 1393 1115 1446 Esbernus,
1163 1393 1300 1435 frater
1338 1394 1585 1435 Absolonis
1633 1394 1779 1434 archi-

106 1467 331 1521 episcopi,
356 1478 521 1519 magne
542 1466 786 1520 prudentie
804 1465 1175 1520 magnarumque
1198 1479 1356 1520 opum,
1380 1467 1558 1508 habens
1582 1467 1776 1507 multam
1805 1481 1845 1511 15

110 1541 158 1581 in
191 1544 442 1594 conspectu
475 1540 593 1592 regis
626 1543 668 1580 et
700 1539 966 1593 principum
999 1539 1128 1580 fandi
1161 1540 1370 1592 gratiam,
1411 1540 1605 1592 cogitata
1639 1540 1778 1580 facul-

102 1617 201 1657 tate
240 1613 501 1666 perorandi,
549 1612 662 1666 quid
702 1616 977 1653 cunctorum
1017 1612 1176 1653 animo
1217 1613 1516 1655 affectuosius
1554 1613 1778 1653 insedisse

111 1686 357 1740 potuisset,
413 1687 630 1736 surrexit,
693 1689 735 1725 et
787 1685 980 1726 faciliter
1034 1690 1169 1726 nacta
1215 1686 1437 1739 loquendi
1482 1685 1666 1726 licentia
1714 1686 1779 1726 sic

107 1772 302 1800 exorsus
335 1759 416 1799 ait:

202 1832 410 1872 »Litteris
436 1831 703 1885 apostolicis
728 1831 993 1885 summique
1022 1832 1255 1885 pontificis
1287 1832 1471 1873 nunciis
1503 1835 1776 1883 reuerenter,
1804 1844 1845 1874 20

112 1905 178 1945 uti
225 1905 416 1957 dignum
466 1908 545 1956 est,
592 1904 894 1952 inclinamur3
949 1905 1027 1945 sed
1077 1905 1184 1958 quia
1232 1906 1493 1946 luctuosam
1542 1904 1779 1945 continent

106 1978 455 2032 querimoniam
510 1977 560 2017 de
612 1978 724 2018 Jesu
782 1977 952 2018 Christi
1007 1978 1308 2031 contumelia,
1372 1978 1584 2019 omnium
1637 1978 1776 2020 corda

110 2050 349 2092 >Christum
373 2050 663 2102 diligentium
688 2054 875 2090 uertunt
896 2050 943 2090 in
967 2054 1217 2103 stuporem.
1268 2051 1583 2091 Nihilominus
1607 2040 1775 2101 tamen,

108 2127 163 2163 vut
193 2124 334 2175 decet,
368 2127 556 2176 paterne
589 2123 892 2163 sollicitudini
924 2127 1071 2175 grates
1106 2124 1284 2164 debitas
1312 2124 1402 2176 agit
1421 2122 1777 2165 Christianitatis

111 2195 411 2245 uniuersitas;
445 2195 567 2250 quia,
602 2195 719 2236 sicut
750 2196 798 2236 in
831 2196 979 2249 capite
1012 2197 1219 2250 corporis
1252 2197 1383 2237 sedes
1416 2200 1483 2237 est
1512 2195 1703 2236 rationis
1736 2198 1777 2235 et
1804 2208 1845 2238 25

108 2268 314 2320 scientie,
352 2268 415 2309 ita
448 2272 491 2309 et
521 2268 568 2309 in
602 2269 750 2322 capite
782 2272 942 2310 sancte
975 2269 1135 2310 matris
1168 2270 1371 2319 ecclesie,
1409 2269 1454 2309 id
1489 2272 1555 2308 est
1586 2269 1775 2320 Aposto-

108 2340 216 2391 lico,
247 2344 392 2381 totam
425 2341 675 2382 consistere
709 2354 944 2382 summam
978 2342 1160 2383 consilii
1177 2356 1271 2383 non
1298 2342 1592 2394 ambigimus.
1643 2340 1777 2390 Quic-

109 2413 226 2467 quid
259 2424 364 2466 ergo
397 2413 558 2454 diuina
590 2414 734 2466 gratia
776 2427 857 2454 sue
896 2414 1110 2466 dignatur
1148 2415 1353 2455 reuelare
1386 2413 1640 2468 prudentie,
1688 2413 1776 2452 hoc

202 2523 238 2559 2.
280 2523 542 2560 confidentes
581 2524 629 2568 O,
675 2524 745 2560 sed
780 2535 883 2560 corr.
933 2522 1003 2561 ΜΣ.
1081 2525 1115 2560 5.
1154 2523 1657 2565 tristitie..absorhente,
1704 2520 1773 2566 cfr.

114 2580 296 2616 Corinth.
328 2580 377 2626 II,
412 2580 449 2626 2,
471 2581 503 2617 7.
567 2582 601 2617 6.
634 2585 853 2628 resumpto
887 2582 1060 2628 spiritu:
1092 2581 1229 2617 Iudith
1264 2581 1327 2625 13,
1348 2580 1410 2616 30.
1473 2581 1506 2615 8.
1541 2578 1772 2624 magnificis

108 2639 216 2673 ⁴certe
248 2638 401 2673 mirum
433 2640 512 2683 est,
543 2638 679 2685 aptius
710 2641 808 2675 esset
830 2639 1003 2685 magnis.
1067 2640 1101 2675 9.
1134 2640 1355 2674 inuentum
1381 2636 1541 2682 scripsi3
1573 2637 1771 2671 inuentus

110 2694 164 2740 Ο,
212 2695 280 2730 sed
310 2695 367 2731 sic
398 2697 518 2731 antea
551 2696 643 2741 Qui,
690 2707 773 2732 non
808 2696 922 2741 Quis,
968 2696 1050 2732 dici
1079 2695 1224 2732 debuit.
1270 2716 1327 2720 —
1374 2696 1435 2730 11.
1471 2693 1693 2729 Absalonis
1729 2693 1770 2728 E.

112 2752 612 2798 probitateszvirtutes.
679 2755 739 2790 14.
773 2754 823 2789 Et
846 2764 942 2790 eece
969 2765 1003 2789 v.
1029 2765 1084 2789 n.:
1120 2753 1214 2788 Luc.
1242 2752 1307 2797 23,
1328 2752 1378 2787 50
1395 2752 1443 2786 al.
1510 2751 1569 2785 15.
1612 2759 1777 2795 magna-

111 2820 209 2844 rum
237 2807 330 2857 (om.
358 2808 456 2858 que)
483 2810 522 2846 S.
601 2811 663 2847 16.
689 2811 869 2857 cogitata
904 2811 972 2846 vix
1002 2813 1104 2846 recle
1130 2809 1268 2853 habet;
1299 2808 1443 2844 scribd.
1472 2807 1548 2843 vid.
1576 2808 1774 2852 cogitans.

121 2867 183 2902 19.
217 2877 394 2903 exorsus
427 2868 502 2904 ait:
548 2868 696 2904 scilicet
735 2870 858 2904 totam
893 2867 1065 2903 Esberni
1095 2867 1321 2903 orationem
1355 2867 1498 2900 auctor
1526 2867 1665 2899 noster
1696 2863 1777 2908 ipse

109 2924 362 2969 -composuit,·
391 2935 463 2960 nec
482 2925 614 2971 ipsum
633 2924 861 2961 Esbernum
883 2924 993 2969 talia,
1018 2924 1157 2970 qualia
1171 2935 1212 2969 p.
1234 2923 1324 2965 466,
1345 2920 1774 2966 6—1212120fe1untm,

113 2991 208 3027 reye
244 2984 444 3026 proesente
481 2982 611 3018 dicere
638 2983 820 3028 potuisse
850 2984 1002 3017 certum
1035 2983 1100 3016 est.
1177 2981 1242 3016 20.
1276 2979 1408 3014 literis
1438 2977 1523 3024 fere
1552 2988 1712 3022 semper
1741 2977 1776 3013 Ο

109 3035 174 3085 (in
206 3038 427 3085 archetypo
456 3038 539 3084 fuit
568 3038 660 3088 ffis).
738 3040 802 3075 21.
835 3039 1091 3074 inclinamus
1124 3037 1171 3081 Ο,
1217 3036 1385 3071 corz-esci.
1464 3036 1526 3071 22.
1560 3036 1635 3070 de.
1680 3044 1778 3070 con-

110 3095 289 3130 tumelia
322 3096 486 3144 scripsi3
519 3096 931 3133 et..contumeliam
964 3095 1010 3131 Ο.
1074 3095 1137 3130 28.
1172 3094 1367 3139 dignetur
1399 3092 1439 3128 S.

185 3175 287 3204 Script.
309 3176 374 3200 hist.
396 3177 467 3200 Dum
489 3177 624 3201 minores
1528 3160 1569 3191 30
