<?xml version="1.0" encoding="UTF-8"?>
<!DOCTYPE html PUBLIC "-//W3C//DTD XHTML 1.0 Transitional//EN"
    "http://www.w3.org/TR/xhtml1/DTD/xhtml1-transitional.dtd">
<html xmlns="http://www.w3.org/1999/xhtml" xml:lang="en" lang="en">
 <head>
  <title>
</title>
<meta http-equiv="Content-Type" content="text/html;charset=utf-8" />
  <meta name='ocr-system' content='tesseract 3.04.00' />
  <meta name='ocr-capabilities' content='ocr_page ocr_carea ocr_par ocr_line ocrx_word'/>
</head>
<body>
  <div class='ocr_page' id='page_1' title='image "./scriptoresminore212gert_0370.png"; bbox 0 0 2242 3551; ppageno 0'>
   <div class='ocr_carea' id='block_1_1' title="bbox 345 846 493 882">
    <p class='ocr_par' dir='ltr' id='par_1_1' title="bbox 345 846 493 882">
     <span class='ocr_line' id='line_1_1' title="bbox 345 846 493 882; baseline -0.02 0"><span class='ocrx_word' id='word_1_1' title='bbox 345 850 407 882; x_wconf 81' lang='lat' dir='ltr'>fol.</span> <span class='ocrx_word' id='word_1_2' title='bbox 421 846 493 881; x_wconf 67' lang='lat' dir='ltr'><strong>24V.</strong></span> 
     </span>
    </p>
   </div>
   <div class='ocr_carea' id='block_1_2' title="bbox 450 1070 489 1100">
    <p class='ocr_par' dir='ltr' id='par_1_2' title="bbox 450 1070 489 1100">
     <span class='ocr_line' id='line_1_2' title="bbox 450 1070 489 1100; baseline 0 0"><span class='ocrx_word' id='word_1_3' title='bbox 450 1070 489 1100; x_wconf 86' lang='lat'>10</span> 
     </span>
    </p>
   </div>
   <div class='ocr_carea' id='block_1_3' title="bbox 447 1432 489 1462">
    <p class='ocr_par' dir='ltr' id='par_1_3' title="bbox 447 1432 489 1462">
     <span class='ocr_line' id='line_1_3' title="bbox 447 1432 489 1462; baseline 0 0"><span class='ocrx_word' id='word_1_4' title='bbox 447 1432 489 1462; x_wconf 86' lang='lat'>15</span> 
     </span>
    </p>
   </div>
   <div class='ocr_carea' id='block_1_4' title="bbox 450 2516 493 2547">
    <p class='ocr_par' dir='ltr' id='par_1_4' title="bbox 450 2516 493 2547">
     <span class='ocr_line' id='line_1_4' title="bbox 450 2516 493 2547; baseline 0.023 -1"><span class='ocrx_word' id='word_1_5' title='bbox 450 2516 493 2547; x_wconf 90' lang='grc'>30</span> 
     </span>
    </p>
   </div>
   <div class='ocr_carea' id='block_1_5' title="bbox 519 211 1838 250">
    <p class='ocr_par' dir='ltr' id='par_1_5' title="bbox 519 211 1838 250">
     <span class='ocr_line' id='line_1_5' title="bbox 519 211 1838 250; baseline -0.002 0"><span class='ocrx_word' id='word_1_6' title='bbox 519 211 601 250; x_wconf 87' lang='grc'>360</span> <span class='ocrx_word' id='word_1_7' title='bbox 863 219 1137 249; x_wconf 78' lang='lat' dir='ltr'>SCRIPTORES</span> <span class='ocrx_word' id='word_1_8' title='bbox 1171 219 1398 247; x_wconf 73' lang='lat' dir='ltr'>Hls&#39;rofflAE</span> <span class='ocrx_word' id='word_1_9' title='bbox 1431 219 1607 247; x_wconf 82' lang='lat' dir='ltr'>DANICAE</span> <span class='ocrx_word' id='word_1_10' title='bbox 1640 219 1838 248; x_wconf 79' lang='lat' dir='ltr'>M1NoREs</span> 
     </span>
    </p>
   </div>
   <div class='ocr_carea' id='block_1_6' title="bbox 518 332 2174 458">
    <p class='ocr_par' dir='ltr' id='par_1_6' title="bbox 518 332 2174 458">
     <span class='ocr_line' id='line_1_6' title="bbox 518 332 2174 385; baseline -0.002 -10"><span class='ocrx_word' id='word_1_11' title='bbox 518 335 791 375; x_wconf 91' lang='lat' dir='ltr'>dormitorio</span> <span class='ocrx_word' id='word_1_12' title='bbox 834 334 1073 385; x_wconf 89' lang='lat' dir='ltr'>fregerunt.</span> <span class='ocrx_word' id='word_1_13' title='bbox 1139 333 1234 373; x_wconf 90' lang='lat' dir='ltr'>Hec</span> <span class='ocrx_word' id='word_1_14' title='bbox 1273 336 1315 372; x_wconf 89' lang='lat' dir='ltr'>et</span> <span class='ocrx_word' id='word_1_15' title='bbox 1354 332 1486 385; x_wconf 90' lang='lat' dir='ltr'>plura</span> <span class='ocrx_word' id='word_1_16' title='bbox 1524 332 1612 372; x_wconf 91' lang='lat' dir='ltr'>alia</span> <span class='ocrx_word' id='word_1_17' title='bbox 1654 332 1865 373; x_wconf 86' lang='lat' dir='ltr'>conuicia</span> <span class='ocrx_word' id='word_1_18' title='bbox 1909 333 2026 374; x_wconf 87' lang='lat' dir='ltr'>facta</span> <span class='ocrx_word' id='word_1_19' title='bbox 2065 336 2174 373; x_wconf 91' lang='lat' dir='ltr'>sunt</span> 
     </span>
     <span class='ocr_line' id='line_1_7' title="bbox 520 404 1850 458; baseline -0.002 -11"><span class='ocrx_word' id='word_1_20' title='bbox 520 407 738 447; x_wconf 89' lang='lat' dir='ltr'>fratribus</span> <span class='ocrx_word' id='word_1_21' title='bbox 771 405 1104 446; x_wconf 87' lang='lat' dir='ltr'>Ystadensibus</span> <span class='ocrx_word' id='word_1_22' title='bbox 1138 408 1242 445; x_wconf 90' lang='lat' dir='ltr'>ante</span> <span class='ocrx_word' id='word_1_23' title='bbox 1275 417 1432 444; x_wconf 88' lang='lat' dir='ltr'>eorum</span> <span class='ocrx_word' id='word_1_24' title='bbox 1467 404 1850 458; x_wconf 82' lang='lat' dir='ltr'>profligationem.</span> 
     </span>
    </p>
   </div>
   <div class='ocr_carea' id='block_1_7' title="bbox 720 515 1976 570">
    <p class='ocr_par' dir='ltr' id='par_1_7' title="bbox 720 515 1976 570">
     <span class='ocr_line' id='line_1_8' title="bbox 720 515 1976 570; baseline -0.001 -13"><span class='ocrx_word' id='word_1_25' title='bbox 720 516 936 570; x_wconf 75' lang='lat' dir='ltr'><strong>Sequitur</strong></span> <span class='ocrx_word' id='word_1_26' title='bbox 968 515 1122 556; x_wconf 87' lang='lat' dir='ltr'>breuis</span> <span class='ocrx_word' id='word_1_27' title='bbox 1154 528 1398 568; x_wconf 84' lang='lat' dir='ltr'>processus</span> <span class='ocrx_word' id='word_1_28' title='bbox 1429 515 1473 555; x_wconf 91' lang='lat' dir='ltr'>in</span> <span class='ocrx_word' id='word_1_29' title='bbox 1509 527 1647 555; x_wconf 88' lang='lat' dir='ltr'>causa</span> <span class='ocrx_word' id='word_1_30' title='bbox 1681 516 1976 568; x_wconf 80' lang='lat' dir='ltr'>expulsionis.</span> 
     </span>
    </p>
   </div>
   <div class='ocr_carea' id='block_1_8' title="bbox 516 622 2178 2763">
    <p class='ocr_par' dir='ltr' id='par_1_8' title="bbox 516 622 2178 2763">
     <span class='ocr_line' id='line_1_9' title="bbox 604 622 2177 676; baseline 0 -13"><span class='ocrx_word' id='word_1_31' title='bbox 604 624 752 674; x_wconf 79' lang='lat' dir='ltr'>Anno,</span> <span class='ocrx_word' id='word_1_32' title='bbox 786 636 877 676; x_wconf 91' lang='lat' dir='ltr'>quo</span> <span class='ocrx_word' id='word_1_33' title='bbox 911 636 1063 675; x_wconf 88' lang='lat' dir='ltr'>supra,</span> <span class='ocrx_word' id='word_1_34' title='bbox 1100 622 1310 663; x_wconf 82' lang='lat' dir='ltr'>videlicet</span> <span class='ocrx_word' id='word_1_35' title='bbox 1337 624 1460 674; x_wconf 82' lang='lat'>1532,</span> <span class='ocrx_word' id='word_1_36' title='bbox 1492 622 1538 663; x_wconf 90' lang='lat' dir='ltr'>in</span> <span class='ocrx_word' id='word_1_37' title='bbox 1563 622 1764 675; x_wconf 90' lang='lat' dir='ltr'>profesto</span> <span class='ocrx_word' id='word_1_38' title='bbox 1788 623 2177 664; x_wconf 87' lang='lat' dir='ltr'>Annunciationis</span> 
     </span>
     <span class='ocr_line' id='line_1_10' title="bbox 521 695 2173 748; baseline 0.001 -13"><span class='ocrx_word' id='word_1_39' title='bbox 521 695 773 736; x_wconf 82' lang='lat' dir='ltr'>christifere</span> <span class='ocrx_word' id='word_1_40' title='bbox 812 695 1000 746; x_wconf 86' lang='lat' dir='ltr'>virginis</span> <span class='ocrx_word' id='word_1_41' title='bbox 1040 695 1235 746; x_wconf 86' lang='lat' dir='ltr'>gloriose</span> <span class='ocrx_word' id='word_1_42' title='bbox 1277 695 1432 746; x_wconf 65' lang='lat' dir='ltr'>Mane,</span> <span class='ocrx_word' id='word_1_43' title='bbox 1479 695 1621 734; x_wconf 90' lang='lat' dir='ltr'>finitis</span> <span class='ocrx_word' id='word_1_44' title='bbox 1667 695 1837 735; x_wconf 89' lang='lat' dir='ltr'>scilicet</span> <span class='ocrx_word' id='word_1_45' title='bbox 1877 695 2077 748; x_wconf 86' lang='lat' dir='ltr'>vesperis</span> <span class='ocrx_word' id='word_1_46' title='bbox 2118 708 2173 736; x_wconf 83' lang='lat' dir='ltr'>ac</span> 
     </span>
     <span class='ocr_line' id='line_1_11' title="bbox 521 767 2172 819; baseline -0.001 -10"><span class='ocrx_word' id='word_1_47' title='bbox 521 768 685 809; x_wconf 87' lang='lat' dir='ltr'>officiis</span> <span class='ocrx_word' id='word_1_48' title='bbox 718 767 903 819; x_wconf 85' lang='lat' dir='ltr'>diuinis,</span> <span class='ocrx_word' id='word_1_49' title='bbox 946 768 1070 809; x_wconf 84' lang='lat' dir='ltr'>venit</span> <span class='ocrx_word' id='word_1_50' title='bbox 1101 769 1306 809; x_wconf 86' lang='lat' dir='ltr'>Joannes</span> <span class='ocrx_word' id='word_1_51' title='bbox 1340 767 1491 808; x_wconf 87' lang='lat' dir='ltr'>Hiortt</span> <span class='ocrx_word' id='word_1_52' title='bbox 1524 767 1881 819; x_wconf 86' lang='lat' dir='ltr'>Burgimagister</span> <span class='ocrx_word' id='word_1_53' title='bbox 1913 780 2018 808; x_wconf 88' lang='lat' dir='ltr'>cum</span> <span class='ocrx_word' id='word_1_54' title='bbox 2052 771 2172 808; x_wconf 90' lang='lat' dir='ltr'>secta</span> 
     </span>
     <span class='ocr_line' id='line_1_12' title="bbox 521 838 2175 894; baseline 0 -14"><span class='ocrx_word' id='word_1_55' title='bbox 521 853 602 881; x_wconf 92' lang='lat' dir='ltr'>sua</span> <span class='ocrx_word' id='word_1_56' title='bbox 645 840 951 880; x_wconf 86' lang='lat' dir='ltr'>Lutheranica</span> <span class='ocrx_word' id='word_1_57' title='bbox 983 838 995 894; x_wconf 71' lang='grc' dir='ltr'>Η</span> <span class='ocrx_word' id='word_1_58' title='bbox 1025 845 1067 880; x_wconf 92' lang='lat' dir='ltr'>et</span> <span class='ocrx_word' id='word_1_59' title='bbox 1105 851 1270 891; x_wconf 90' lang='lat' dir='ltr'>magna</span> <span class='ocrx_word' id='word_1_60' title='bbox 1312 843 1438 893; x_wconf 89' lang='lat' dir='ltr'>parte</span> <span class='ocrx_word' id='word_1_61' title='bbox 1477 839 1649 879; x_wconf 90' lang='lat' dir='ltr'>ciuium</span> <span class='ocrx_word' id='word_1_62' title='bbox 1699 853 1804 880; x_wconf 90' lang='lat' dir='ltr'>cum</span> <span class='ocrx_word' id='word_1_63' title='bbox 1845 840 2048 880; x_wconf 85' lang='lat' dir='ltr'>maximo</span> <span class='ocrx_word' id='word_1_64' title='bbox 2088 840 2175 880; x_wconf 78' lang='lat' dir='ltr'>im-</span> 
     </span>
     <span class='ocr_line' id='line_1_13' title="bbox 518 912 2174 966; baseline 0 -13"><span class='ocrx_word' id='word_1_65' title='bbox 518 916 624 965; x_wconf 87' lang='lat' dir='ltr'>petu</span> <span class='ocrx_word' id='word_1_66' title='bbox 658 912 715 952; x_wconf 93' lang='lat' dir='ltr'>ad</span> <span class='ocrx_word' id='word_1_67' title='bbox 750 916 930 965; x_wconf 91' lang='lat' dir='ltr'>portam</span> <span class='ocrx_word' id='word_1_68' title='bbox 964 912 1232 953; x_wconf 87' lang='lat' dir='ltr'>monasterii</span> <span class='ocrx_word' id='word_1_69' title='bbox 1272 913 1506 966; x_wconf 87' lang='lat' dir='ltr'>pulsantes</span> <span class='ocrx_word' id='word_1_70' title='bbox 1546 916 1588 952; x_wconf 90' lang='lat' dir='ltr'>et</span> <span class='ocrx_word' id='word_1_71' title='bbox 1626 912 1794 952; x_wconf 90' lang='lat' dir='ltr'>intrare</span> <span class='ocrx_word' id='word_1_72' title='bbox 1826 913 2049 963; x_wconf 76' lang='lat' dir='ltr'>volentes3</span> <span class='ocrx_word' id='word_1_73' title='bbox 2096 912 2174 953; x_wconf 88' lang='lat' dir='ltr'>vbi</span> 
     </span>
     <span class='ocr_line' id='line_1_14' title="bbox 523 984 2171 1037; baseline -0.001 -10"><span class='ocrx_word' id='word_1_74' title='bbox 523 984 710 1027; x_wconf 90' lang='lat' dir='ltr'>introitu</span> <span class='ocrx_word' id='word_1_75' title='bbox 758 984 822 1025; x_wconf 89' lang='lat' dir='ltr'>eis</span> <span class='ocrx_word' id='word_1_76' title='bbox 868 989 1052 1037; x_wconf 89' lang='lat' dir='ltr'>negato,</span> <span class='ocrx_word' id='word_1_77' title='bbox 1099 989 1399 1026; x_wconf 85' lang='lat' dir='ltr'>cucurrerunt</span> <span class='ocrx_word' id='word_1_78' title='bbox 1446 986 1503 1025; x_wconf 88' lang='lat' dir='ltr'>ad</span> <span class='ocrx_word' id='word_1_79' title='bbox 1551 985 1779 1025; x_wconf 89' lang='lat' dir='ltr'>cancellos</span> <span class='ocrx_word' id='word_1_80' title='bbox 1826 985 2031 1037; x_wconf 79' lang='lat' dir='ltr'>ecclesie,</span> <span class='ocrx_word' id='word_1_81' title='bbox 2079 998 2171 1026; x_wconf 91' lang='lat' dir='ltr'>non</span> 
     </span>
     <span class='ocr_line' id='line_1_15' title="bbox 518 1057 2175 1112; baseline -0.001 -13"><span class='ocrx_word' id='word_1_82' title='bbox 518 1059 692 1112; x_wconf 84' lang='lat' dir='ltr'>absque</span> <span class='ocrx_word' id='word_1_83' title='bbox 724 1057 895 1110; x_wconf 76' lang='lat' dir='ltr'>ingenti</span> <span class='ocrx_word' id='word_1_84' title='bbox 928 1057 1053 1098; x_wconf 90' lang='lat' dir='ltr'>rabie</span> <span class='ocrx_word' id='word_1_85' title='bbox 1087 1062 1129 1097; x_wconf 87' lang='lat' dir='ltr'>et</span> <span class='ocrx_word' id='word_1_86' title='bbox 1158 1058 1382 1107; x_wconf 77' lang='lat' dir='ltr'>clamore3</span> <span class='ocrx_word' id='word_1_87' title='bbox 1415 1057 1494 1110; x_wconf 93' lang='lat' dir='ltr'>qui</span> <span class='ocrx_word' id='word_1_88' title='bbox 1519 1057 1747 1098; x_wconf 89' lang='lat' dir='ltr'>cancellos</span> <span class='ocrx_word' id='word_1_89' title='bbox 1771 1058 2175 1111; x_wconf 89' lang='lat' dir='ltr'>apprehenderunt</span> 
     </span>
     <span class='ocr_line' id='line_1_16' title="bbox 520 1129 2178 1184; baseline -0.001 -12"><span class='ocrx_word' id='word_1_90' title='bbox 520 1131 834 1184; x_wconf 78' lang='lat' dir='ltr'>violenterque</span> <span class='ocrx_word' id='word_1_91' title='bbox 881 1130 1087 1181; x_wconf 83' lang='lat' dir='ltr'>frangere</span> <span class='ocrx_word' id='word_1_92' title='bbox 1133 1131 1391 1171; x_wconf 79' lang='lat' dir='ltr'>voluerunt.</span> <span class='ocrx_word' id='word_1_93' title='bbox 1485 1129 1588 1180; x_wconf 83' lang='lat' dir='ltr'>Quo</span> <span class='ocrx_word' id='word_1_94' title='bbox 1638 1129 1816 1181; x_wconf 82' lang='lat' dir='ltr'>audito,</span> <span class='ocrx_word' id='word_1_95' title='bbox 1877 1130 2178 1182; x_wconf 67' lang='lat' dir='ltr'>guardianus,</span> 
     </span>
     <span class='ocr_line' id='line_1_17' title="bbox 520 1201 2171 1256; baseline -0.001 -12"><span class='ocrx_word' id='word_1_96' title='bbox 520 1203 729 1244; x_wconf 82' lang='lat' dir='ltr'>videlicet</span> <span class='ocrx_word' id='word_1_97' title='bbox 761 1202 898 1242; x_wconf 90' lang='lat' dir='ltr'>frater</span> <span class='ocrx_word' id='word_1_98' title='bbox 926 1203 1132 1243; x_wconf 77' lang='lat' dir='ltr'>Andreas</span> <span class='ocrx_word' id='word_1_99' title='bbox 1157 1202 1358 1243; x_wconf 89' lang='lat' dir='ltr'>Bertoldi</span> <span class='ocrx_word' id='word_1_100' title='bbox 1391 1201 1593 1253; x_wconf 81' lang='lat' dir='ltr'>nomine,</span> <span class='ocrx_word' id='word_1_101' title='bbox 1626 1214 1733 1242; x_wconf 90' lang='lat' dir='ltr'>cum</span> <span class='ocrx_word' id='word_1_102' title='bbox 1766 1202 1998 1256; x_wconf 81' lang='lat' dir='ltr'>aliquibus</span> <span class='ocrx_word' id='word_1_103' title='bbox 2030 1203 2171 1242; x_wconf 88' lang='lat' dir='ltr'>fratri-</span> 
     </span>
     <span class='ocr_line' id='line_1_18' title="bbox 522 1275 2177 1328; baseline -0.001 -12"><span class='ocrx_word' id='word_1_104' title='bbox 522 1276 607 1316; x_wconf 91' lang='lat' dir='ltr'>bus</span> <span class='ocrx_word' id='word_1_105' title='bbox 640 1276 697 1316; x_wconf 89' lang='lat' dir='ltr'>ad</span> <span class='ocrx_word' id='word_1_106' title='bbox 732 1275 877 1315; x_wconf 90' lang='lat' dir='ltr'>dictos</span> <span class='ocrx_word' id='word_1_107' title='bbox 910 1275 1140 1315; x_wconf 87' lang='lat' dir='ltr'>cancellos</span> <span class='ocrx_word' id='word_1_108' title='bbox 1179 1275 1383 1315; x_wconf 88' lang='lat' dir='ltr'>velocius</span> <span class='ocrx_word' id='word_1_109' title='bbox 1421 1275 1621 1315; x_wconf 76' lang='lat' dir='ltr'>cucurrit</span> <span class='ocrx_word' id='word_1_110' title='bbox 1660 1287 1829 1328; x_wconf 88' lang='lat' dir='ltr'>eosque</span> <span class='ocrx_word' id='word_1_111' title='bbox 1860 1275 2177 1327; x_wconf 66' lang='lat' dir='ltr'>interrogauit,</span> 
     </span>
     <span class='ocr_line' id='line_1_19' title="bbox 518 1346 2169 1401; baseline -0.001 -13"><span class='ocrx_word' id='word_1_112' title='bbox 518 1349 688 1399; x_wconf 78' lang='lat' dir='ltr'>dicens,</span> <span class='ocrx_word' id='word_1_113' title='bbox 736 1360 877 1401; x_wconf 92' lang='lat' dir='ltr'>quare</span> <span class='ocrx_word' id='word_1_114' title='bbox 917 1360 1023 1387; x_wconf 91' lang='lat' dir='ltr'>cum</span> <span class='ocrx_word' id='word_1_115' title='bbox 1063 1348 1141 1387; x_wconf 85' lang='lat' dir='ltr'>tali</span> <span class='ocrx_word' id='word_1_116' title='bbox 1181 1347 1356 1399; x_wconf 88' lang='lat' dir='ltr'>impetu</span> <span class='ocrx_word' id='word_1_117' title='bbox 1397 1351 1438 1387; x_wconf 93' lang='lat' dir='ltr'>et</span> <span class='ocrx_word' id='word_1_118' title='bbox 1484 1346 1637 1387; x_wconf 88' lang='lat' dir='ltr'>furore</span> <span class='ocrx_word' id='word_1_119' title='bbox 1674 1347 1932 1399; x_wconf 81' lang='lat' dir='ltr'>veniebant,</span> <span class='ocrx_word' id='word_1_120' title='bbox 1980 1352 2021 1389; x_wconf 90' lang='lat' dir='ltr'>et</span> <span class='ocrx_word' id='word_1_121' title='bbox 2059 1348 2169 1401; x_wconf 91' lang='lat' dir='ltr'>quid</span> 
     </span>
     <span class='ocr_line' id='line_1_20' title="bbox 519 1419 2177 1472; baseline 0 -11"><span class='ocrx_word' id='word_1_122' title='bbox 519 1421 746 1462; x_wconf 89' lang='lat' dir='ltr'>volebant.</span> <span class='ocrx_word' id='word_1_123' title='bbox 809 1420 941 1461; x_wconf 90' lang='lat' dir='ltr'>Tunc</span> <span class='ocrx_word' id='word_1_124' title='bbox 973 1433 1134 1461; x_wconf 87' lang='lat' dir='ltr'>omnes</span> <span class='ocrx_word' id='word_1_125' title='bbox 1167 1420 1445 1471; x_wconf 85' lang='lat' dir='ltr'>clamabant,</span> <span class='ocrx_word' id='word_1_126' title='bbox 1492 1432 1538 1461; x_wconf 86' lang='lat' dir='ltr'>se</span> <span class='ocrx_word' id='word_1_127' title='bbox 1582 1419 1751 1460; x_wconf 88' lang='lat' dir='ltr'>habere</span> <span class='ocrx_word' id='word_1_128' title='bbox 1784 1420 1954 1461; x_wconf 80' lang='lat' dir='ltr'>litteras</span> <span class='ocrx_word' id='word_1_129' title='bbox 1986 1421 2177 1472; x_wconf 76' lang='lat' dir='ltr'>regales,.</span> 
     </span>
     <span class='ocr_line' id='line_1_21' title="bbox 516 1492 2172 1545; baseline 0 -12"><span class='ocrx_word' id='word_1_130' title='bbox 516 1498 561 1533; x_wconf 85' lang='lat' dir='ltr'>vt</span> <span class='ocrx_word' id='word_1_131' title='bbox 608 1494 769 1533; x_wconf 88' lang='lat' dir='ltr'>fratres</span> <span class='ocrx_word' id='word_1_132' title='bbox 816 1505 978 1533; x_wconf 89' lang='lat' dir='ltr'>omnes</span> <span class='ocrx_word' id='word_1_133' title='bbox 1024 1492 1243 1533; x_wconf 89' lang='lat' dir='ltr'>deberent</span> <span class='ocrx_word' id='word_1_134' title='bbox 1289 1492 1471 1545; x_wconf 80' lang='lat' dir='ltr'>expelli,</span> <span class='ocrx_word' id='word_1_135' title='bbox 1519 1496 1561 1532; x_wconf 89' lang='lat' dir='ltr'>et</span> <span class='ocrx_word' id='word_1_136' title='bbox 1608 1493 1940 1533; x_wconf 90' lang='lat' dir='ltr'>monasterium</span> <span class='ocrx_word' id='word_1_137' title='bbox 1989 1493 2172 1533; x_wconf 88' lang='lat' dir='ltr'>deberet</span> 
     </span>
     <span class='ocr_line' id='line_1_22' title="bbox 521 1564 2170 1618; baseline -0.001 -12"><span class='ocrx_word' id='word_1_138' title='bbox 521 1579 625 1606; x_wconf 87' lang='lat' dir='ltr'>cum</span> <span class='ocrx_word' id='word_1_139' title='bbox 670 1565 888 1606; x_wconf 90' lang='lat' dir='ltr'>omnibus</span> <span class='ocrx_word' id='word_1_140' title='bbox 927 1564 1021 1605; x_wconf 90' lang='lat' dir='ltr'>suis</span> <span class='ocrx_word' id='word_1_141' title='bbox 1061 1564 1346 1617; x_wconf 83' lang='lat' dir='ltr'>pertinentiis</span> <span class='ocrx_word' id='word_1_142' title='bbox 1384 1564 1501 1604; x_wconf 91' lang='lat' dir='ltr'>tradi</span> <span class='ocrx_word' id='word_1_143' title='bbox 1541 1565 1586 1604; x_wconf 89' lang='lat' dir='ltr'>in</span> <span class='ocrx_word' id='word_1_144' title='bbox 1621 1578 1728 1605; x_wconf 87' lang='lat' dir='ltr'>vsus</span> <span class='ocrx_word' id='word_1_145' title='bbox 1762 1578 2017 1618; x_wconf 91' lang='lat' dir='ltr'>pauperum</span> <span class='ocrx_word' id='word_1_146' title='bbox 2051 1570 2093 1606; x_wconf 92' lang='lat' dir='ltr'>et</span> <span class='ocrx_word' id='word_1_147' title='bbox 2124 1566 2170 1605; x_wconf 91' lang='lat' dir='ltr'>in</span> 
     </span>
     <span class='ocr_line' id='line_1_23' title="bbox 517 1637 2177 1691; baseline -0.001 -12"><span class='ocrx_word' id='word_1_148' title='bbox 517 1638 767 1691; x_wconf 76' lang='lat' dir='ltr'>hospitale3</span> <span class='ocrx_word' id='word_1_149' title='bbox 816 1641 857 1678; x_wconf 89' lang='lat' dir='ltr'>et</span> <span class='ocrx_word' id='word_1_150' title='bbox 896 1637 1123 1690; x_wconf 85' lang='lat' dir='ltr'>petierunt</span> <span class='ocrx_word' id='word_1_151' title='bbox 1165 1637 1418 1688; x_wconf 82' lang='lat' dir='ltr'>introitum,</span> <span class='ocrx_word' id='word_1_152' title='bbox 1465 1650 1557 1690; x_wconf 88' lang='lat' dir='ltr'>quo</span> <span class='ocrx_word' id='word_1_153' title='bbox 1597 1638 1770 1678; x_wconf 86' lang='lat' dir='ltr'>eisdem</span> <span class='ocrx_word' id='word_1_154' title='bbox 1812 1651 1906 1678; x_wconf 90' lang='lat' dir='ltr'>non</span> <span class='ocrx_word' id='word_1_155' title='bbox 1937 1650 2177 1689; x_wconf 60' lang='lat' dir='ltr'>concesso7.</span> 
     </span>
     <span class='ocr_line' id='line_1_24' title="bbox 518 1709 2174 1762; baseline -0.001 -11"><span class='ocrx_word' id='word_1_156' title='bbox 518 1712 760 1752; x_wconf 88' lang='lat' dir='ltr'>voluerunt</span> <span class='ocrx_word' id='word_1_157' title='bbox 792 1710 1039 1750; x_wconf 89' lang='lat' dir='ltr'>cenobium</span> <span class='ocrx_word' id='word_1_158' title='bbox 1072 1709 1295 1750; x_wconf 77' lang='lat' dir='ltr'>violenter</span> <span class='ocrx_word' id='word_1_159' title='bbox 1326 1709 1507 1750; x_wconf 85' lang='lat' dir='ltr'>intrare.</span> <span class='ocrx_word' id='word_1_160' title='bbox 1558 1710 1658 1750; x_wconf 89' lang='lat' dir='ltr'>Hoc</span> <span class='ocrx_word' id='word_1_161' title='bbox 1686 1710 1857 1760; x_wconf 80' lang='lat' dir='ltr'>audito,</span> <span class='ocrx_word' id='word_1_162' title='bbox 1890 1710 2174 1762; x_wconf 90' lang='lat' dir='ltr'>guardianus</span> 
     </span>
     <span class='ocr_line' id='line_1_25' title="bbox 519 1782 2176 1836; baseline -0.001 -13"><span class='ocrx_word' id='word_1_163' title='bbox 519 1783 724 1835; x_wconf 80' lang='lat' dir='ltr'>exigebat</span> <span class='ocrx_word' id='word_1_164' title='bbox 767 1783 824 1822; x_wconf 88' lang='lat' dir='ltr'>ab</span> <span class='ocrx_word' id='word_1_165' title='bbox 858 1782 922 1823; x_wconf 89' lang='lat' dir='ltr'>eis</span> <span class='ocrx_word' id='word_1_166' title='bbox 954 1782 1125 1822; x_wconf 87' lang='lat' dir='ltr'>litteras</span> <span class='ocrx_word' id='word_1_167' title='bbox 1156 1783 1330 1834; x_wconf 80' lang='lat' dir='ltr'>regales</span> <span class='ocrx_word' id='word_1_168' title='bbox 1362 1795 1499 1835; x_wconf 88' lang='lat' dir='ltr'>super</span> <span class='ocrx_word' id='word_1_169' title='bbox 1531 1782 1801 1823; x_wconf 90' lang='lat' dir='ltr'>huiusmodi</span> <span class='ocrx_word' id='word_1_170' title='bbox 1832 1783 2176 1836; x_wconf 69' lang='lat' dir='ltr'>profligationeg.</span> 
     </span>
     <span class='ocr_line' id='line_1_26' title="bbox 516 1854 2170 1908; baseline 0 -13"><span class='ocrx_word' id='word_1_171' title='bbox 516 1860 557 1895; x_wconf 88' lang='lat' dir='ltr'>et</span> <span class='ocrx_word' id='word_1_172' title='bbox 603 1868 736 1907; x_wconf 85' lang='lat' dir='ltr'>casu,</span> <span class='ocrx_word' id='word_1_173' title='bbox 792 1868 883 1908; x_wconf 89' lang='lat' dir='ltr'>quo</span> <span class='ocrx_word' id='word_1_174' title='bbox 932 1868 1024 1895; x_wconf 92' lang='lat' dir='ltr'>non</span> <span class='ocrx_word' id='word_1_175' title='bbox 1073 1859 1227 1908; x_wconf 89' lang='lat' dir='ltr'>posset</span> <span class='ocrx_word' id='word_1_176' title='bbox 1272 1854 1431 1895; x_wconf 90' lang='lat' dir='ltr'>audire</span> <span class='ocrx_word' id='word_1_177' title='bbox 1479 1855 1749 1895; x_wconf 89' lang='lat' dir='ltr'>huiusmodi</span> <span class='ocrx_word' id='word_1_178' title='bbox 1795 1855 1986 1908; x_wconf 80' lang='lat' dir='ltr'>litteras,</span> <span class='ocrx_word' id='word_1_179' title='bbox 2043 1856 2170 1896; x_wconf 91' lang='lat' dir='ltr'>nullo</span> 
     </span>
     <span class='ocr_line' id='line_1_27' title="bbox 517 1926 2173 1981; baseline -0.001 -12"><span class='ocrx_word' id='word_1_180' title='bbox 517 1929 657 1969; x_wconf 92' lang='lat' dir='ltr'>modo</span> <span class='ocrx_word' id='word_1_181' title='bbox 697 1929 830 1968; x_wconf 79' lang='lat' dir='ltr'>vellet</span> <span class='ocrx_word' id='word_1_182' title='bbox 868 1928 1201 1967; x_wconf 88' lang='lat' dir='ltr'>monasterium</span> <span class='ocrx_word' id='word_1_183' title='bbox 1242 1940 1377 1968; x_wconf 90' lang='lat' dir='ltr'>suum</span> <span class='ocrx_word' id='word_1_184' title='bbox 1421 1927 1486 1968; x_wconf 90' lang='lat' dir='ltr'>sic</span> <span class='ocrx_word' id='word_1_185' title='bbox 1517 1926 1756 1968; x_wconf 88' lang='lat' dir='ltr'>dimittere.</span> <span class='ocrx_word' id='word_1_186' title='bbox 1820 1928 2173 1981; x_wconf 86' lang='lat' dir='ltr'>Responderunt</span> 
     </span>
     <span class='ocr_line' id='line_1_28' title="bbox 520 1997 2174 2054; baseline 0 -14"><span class='ocrx_word' id='word_1_187' title='bbox 520 2000 657 2049; x_wconf 74' lang='lat' dir='ltr'>ciues,</span> <span class='ocrx_word' id='word_1_188' title='bbox 701 2001 823 2054; x_wconf 90' lang='lat' dir='ltr'>quod</span> <span class='ocrx_word' id='word_1_189' title='bbox 866 2000 994 2040; x_wconf 92' lang='lat' dir='ltr'>nullo</span> <span class='ocrx_word' id='word_1_190' title='bbox 1034 2001 1174 2040; x_wconf 92' lang='lat' dir='ltr'>modo</span> <span class='ocrx_word' id='word_1_191' title='bbox 1206 2000 1374 2040; x_wconf 81' lang='lat' dir='ltr'>vellent</span> <span class='ocrx_word' id='word_1_192' title='bbox 1406 2001 1644 2040; x_wconf 88' lang='lat' dir='ltr'>ostendere</span> <span class='ocrx_word' id='word_1_193' title='bbox 1674 1997 1686 2053; x_wconf 71' lang='grc' dir='ltr'><strong>Π</strong></span> <span class='ocrx_word' id='word_1_194' title='bbox 1715 2000 1970 2052; x_wconf 89' lang='lat' dir='ltr'>guardiano</span> <span class='ocrx_word' id='word_1_195' title='bbox 2002 2001 2174 2040; x_wconf 86' lang='lat' dir='ltr'>litteras</span> 
     </span>
     <span class='ocr_line' id='line_1_29' title="bbox 519 2072 2173 2125; baseline 0.001 -13"><span class='ocrx_word' id='word_1_196' title='bbox 519 2073 729 2125; x_wconf 87' lang='lat' dir='ltr'>prefatas.</span> <span class='ocrx_word' id='word_1_197' title='bbox 794 2073 976 2123; x_wconf 83' lang='lat' dir='ltr'>Quibus</span> <span class='ocrx_word' id='word_1_198' title='bbox 1016 2072 1161 2122; x_wconf 83' lang='lat' dir='ltr'>dictis,</span> <span class='ocrx_word' id='word_1_199' title='bbox 1208 2073 1414 2113; x_wconf 84' lang='lat' dir='ltr'>Joannes</span> <span class='ocrx_word' id='word_1_200' title='bbox 1457 2072 1607 2113; x_wconf 89' lang='lat' dir='ltr'>Hiortt</span> <span class='ocrx_word' id='word_1_201' title='bbox 1653 2084 1759 2112; x_wconf 90' lang='lat' dir='ltr'>cum</span> <span class='ocrx_word' id='word_1_202' title='bbox 1806 2072 2025 2113; x_wconf 91' lang='lat' dir='ltr'>omnibus</span> <span class='ocrx_word' id='word_1_203' title='bbox 2071 2073 2173 2113; x_wconf 93' lang='lat' dir='ltr'>aliis</span> 
     </span>
     <span class='ocr_line' id='line_1_30' title="bbox 518 2145 2172 2198; baseline 0.001 -14"><span class='ocrx_word' id='word_1_204' title='bbox 518 2146 574 2184; x_wconf 90' lang='lat' dir='ltr'>ad</span> <span class='ocrx_word' id='word_1_205' title='bbox 617 2149 795 2198; x_wconf 88' lang='lat' dir='ltr'>portam</span> <span class='ocrx_word' id='word_1_206' title='bbox 840 2149 1096 2185; x_wconf 89' lang='lat' dir='ltr'>conuentus</span> <span class='ocrx_word' id='word_1_207' title='bbox 1136 2148 1360 2185; x_wconf 82' lang='lat' dir='ltr'>venerunt</span> <span class='ocrx_word' id='word_1_208' title='bbox 1401 2149 1442 2185; x_wconf 88' lang='lat' dir='ltr'>et</span> <span class='ocrx_word' id='word_1_209' title='bbox 1483 2145 1648 2185; x_wconf 84' lang='lat' dir='ltr'>iterum</span> <span class='ocrx_word' id='word_1_210' title='bbox 1695 2145 2001 2196; x_wconf 89' lang='lat' dir='ltr'>guardianum</span> <span class='ocrx_word' id='word_1_211' title='bbox 2042 2158 2172 2186; x_wconf 81' lang='lat' dir='ltr'>voca-</span> 
     </span>
     <span class='ocr_line' id='line_1_31' title="bbox 519 2217 2173 2270; baseline 0.001 -14"><span class='ocrx_word' id='word_1_212' title='bbox 519 2222 697 2258; x_wconf 86' lang='lat' dir='ltr'>uerunt.</span> <span class='ocrx_word' id='word_1_213' title='bbox 771 2218 873 2267; x_wconf 84' lang='lat' dir='ltr'>Quo</span> <span class='ocrx_word' id='word_1_214' title='bbox 921 2218 977 2257; x_wconf 92' lang='lat' dir='ltr'>ad</span> <span class='ocrx_word' id='word_1_215' title='bbox 1026 2221 1205 2270; x_wconf 88' lang='lat' dir='ltr'>portam</span> <span class='ocrx_word' id='word_1_216' title='bbox 1253 2217 1395 2257; x_wconf 86' lang='lat' dir='ltr'>cicius</span> <span class='ocrx_word' id='word_1_217' title='bbox 1443 2221 1705 2257; x_wconf 87' lang='lat' dir='ltr'>occurrente</span> <span class='ocrx_word' id='word_1_218' title='bbox 1752 2221 1794 2257; x_wconf 91' lang='lat' dir='ltr'>et</span> <span class='ocrx_word' id='word_1_219' title='bbox 1839 2217 1999 2258; x_wconf 87' lang='lat' dir='ltr'>iterato</span> <span class='ocrx_word' id='word_1_220' title='bbox 2041 2218 2173 2258; x_wconf 88' lang='lat' dir='ltr'>inter-</span> 
     </span>
     <span class='ocr_line' id='line_1_32' title="bbox 516 2289 2172 2343; baseline 0.001 -14"><span class='ocrx_word' id='word_1_221' title='bbox 516 2294 719 2341; x_wconf 84' lang='lat' dir='ltr'>rogante,</span> <span class='ocrx_word' id='word_1_222' title='bbox 767 2290 874 2343; x_wconf 88' lang='lat' dir='ltr'>quid</span> <span class='ocrx_word' id='word_1_223' title='bbox 914 2290 1094 2341; x_wconf 79' lang='lat' dir='ltr'>vellent,</span> <span class='ocrx_word' id='word_1_224' title='bbox 1142 2290 1379 2342; x_wconf 90' lang='lat' dir='ltr'>respondit</span> <span class='ocrx_word' id='word_1_225' title='bbox 1420 2289 1569 2330; x_wconf 86' lang='lat' dir='ltr'>dictus</span> <span class='ocrx_word' id='word_1_226' title='bbox 1601 2290 1805 2330; x_wconf 87' lang='lat' dir='ltr'>Joannes</span> <span class='ocrx_word' id='word_1_227' title='bbox 1839 2289 2002 2342; x_wconf 80' lang='lat' dir='ltr'>Hiortt,</span> <span class='ocrx_word' id='word_1_228' title='bbox 2049 2291 2172 2343; x_wconf 89' lang='lat' dir='ltr'>quod</span> 
     </span>
     <span class='ocr_line' id='line_1_33' title="bbox 519 2362 2173 2415; baseline 0.001 -15"><span class='ocrx_word' id='word_1_229' title='bbox 519 2362 652 2401; x_wconf 83' lang='lat' dir='ltr'>vellet</span> <span class='ocrx_word' id='word_1_230' title='bbox 695 2374 800 2402; x_wconf 89' lang='lat' dir='ltr'>cum</span> <span class='ocrx_word' id='word_1_231' title='bbox 842 2362 1002 2415; x_wconf 88' lang='lat' dir='ltr'>paucis</span> <span class='ocrx_word' id='word_1_232' title='bbox 1044 2362 1213 2402; x_wconf 84' lang='lat' dir='ltr'>intrare</span> <span class='ocrx_word' id='word_1_233' title='bbox 1246 2362 1577 2402; x_wconf 89' lang='lat' dir='ltr'>monasterium</span> <span class='ocrx_word' id='word_1_234' title='bbox 1612 2366 1654 2402; x_wconf 91' lang='lat' dir='ltr'>et</span> <span class='ocrx_word' id='word_1_235' title='bbox 1685 2362 1876 2415; x_wconf 87' lang='lat' dir='ltr'>pacifice</span> <span class='ocrx_word' id='word_1_236' title='bbox 1907 2374 2013 2403; x_wconf 90' lang='lat' dir='ltr'>cum</span> <span class='ocrx_word' id='word_1_237' title='bbox 2047 2375 2099 2403; x_wconf 91' lang='lat' dir='ltr'>eo</span> <span class='ocrx_word' id='word_1_238' title='bbox 2132 2366 2173 2402; x_wconf 90' lang='lat' dir='ltr'>et</span> 
     </span>
     <span class='ocr_line' id='line_1_34' title="bbox 518 2433 2170 2489; baseline 0.001 -16"><span class='ocrx_word' id='word_1_239' title='bbox 518 2433 736 2474; x_wconf 87' lang='lat' dir='ltr'>fratribus</span> <span class='ocrx_word' id='word_1_240' title='bbox 777 2435 871 2474; x_wconf 89' lang='lat' dir='ltr'>suis</span> <span class='ocrx_word' id='word_1_241' title='bbox 912 2434 1038 2488; x_wconf 92' lang='lat' dir='ltr'>loqui</span> <span class='ocrx_word' id='word_1_242' title='bbox 1078 2433 1252 2486; x_wconf 90' lang='lat' dir='ltr'>absque</span> <span class='ocrx_word' id='word_1_243' title='bbox 1299 2434 1427 2474; x_wconf 90' lang='lat' dir='ltr'>omni</span> <span class='ocrx_word' id='word_1_244' title='bbox 1473 2434 1688 2474; x_wconf 84' lang='lat' dir='ltr'>violentia</span> <span class='ocrx_word' id='word_1_245' title='bbox 1730 2439 1771 2474; x_wconf 89' lang='lat' dir='ltr'>et</span> <span class='ocrx_word' id='word_1_246' title='bbox 1809 2434 2000 2485; x_wconf 78' lang='lat' dir='ltr'>iniuria3</span> <span class='ocrx_word' id='word_1_247' title='bbox 2047 2434 2170 2489; x_wconf 92' lang='lat' dir='ltr'>quod</span> 
     </span>
     <span class='ocr_line' id='line_1_35' title="bbox 522 2506 2169 2560; baseline -0.001 -14"><span class='ocrx_word' id='word_1_248' title='bbox 522 2506 656 2546; x_wconf 80' lang='lat' dir='ltr'>etiam</span> <span class='ocrx_word' id='word_1_249' title='bbox 706 2507 791 2546; x_wconf 94' lang='lat' dir='ltr'>sub</span> <span class='ocrx_word' id='word_1_250' title='bbox 838 2507 927 2547; x_wconf 90' lang='lat' dir='ltr'>fide</span> <span class='ocrx_word' id='word_1_251' title='bbox 975 2510 1017 2547; x_wconf 89' lang='lat' dir='ltr'>et</span> <span class='ocrx_word' id='word_1_252' title='bbox 1062 2507 1238 2546; x_wconf 89' lang='lat' dir='ltr'>honore</span> <span class='ocrx_word' id='word_1_253' title='bbox 1284 2518 1464 2546; x_wconf 90' lang='lat' dir='ltr'>necnon</span> <span class='ocrx_word' id='word_1_254' title='bbox 1521 2506 1606 2546; x_wconf 89' lang='lat' dir='ltr'>sub</span> <span class='ocrx_word' id='word_1_255' title='bbox 1655 2507 1913 2560; x_wconf 87' lang='lat' dir='ltr'>priuatione</span> <span class='ocrx_word' id='word_1_256' title='bbox 1960 2507 2169 2547; x_wconf 91' lang='lat' dir='ltr'>omnium</span> 
     </span>
     <span class='ocr_line' id='line_1_36' title="bbox 519 2578 2172 2631; baseline 0.001 -14"><span class='ocrx_word' id='word_1_257' title='bbox 519 2582 709 2618; x_wconf 89' lang='lat' dir='ltr'>actuum</span> <span class='ocrx_word' id='word_1_258' title='bbox 751 2578 1078 2630; x_wconf 88' lang='lat' dir='ltr'>legittimorum</span> <span class='ocrx_word' id='word_1_259' title='bbox 1120 2578 1381 2631; x_wconf 92' lang='lat' dir='ltr'>spopondit.</span> <span class='ocrx_word' id='word_1_260' title='bbox 1446 2578 1585 2631; x_wconf 92' lang='lat' dir='ltr'>Igitur</span> <span class='ocrx_word' id='word_1_261' title='bbox 1625 2579 1710 2619; x_wconf 92' lang='lat' dir='ltr'>sub</span> <span class='ocrx_word' id='word_1_262' title='bbox 1751 2579 1830 2619; x_wconf 91' lang='lat' dir='ltr'>tali</span> <span class='ocrx_word' id='word_1_263' title='bbox 1868 2579 2080 2620; x_wconf 89' lang='lat' dir='ltr'>cautione</span> <span class='ocrx_word' id='word_1_264' title='bbox 2119 2591 2172 2618; x_wconf 87' lang='lat' dir='ltr'>ac</span> 
     </span>
     <span class='ocr_line' id='line_1_37' title="bbox 517 2650 2173 2704; baseline 0.001 -15"><span class='ocrx_word' id='word_1_265' title='bbox 517 2650 608 2690; x_wconf 89' lang='lat' dir='ltr'>fide</span> <span class='ocrx_word' id='word_1_266' title='bbox 657 2651 938 2701; x_wconf 88' lang='lat' dir='ltr'>guardianus</span> <span class='ocrx_word' id='word_1_267' title='bbox 986 2654 1166 2704; x_wconf 89' lang='lat' dir='ltr'>portam</span> <span class='ocrx_word' id='word_1_268' title='bbox 1213 2650 1388 2703; x_wconf 88' lang='lat' dir='ltr'>aperire</span> <span class='ocrx_word' id='word_1_269' title='bbox 1431 2651 1546 2691; x_wconf 88' lang='lat' dir='ltr'>fecit.</span> <span class='ocrx_word' id='word_1_270' title='bbox 1610 2651 1713 2701; x_wconf 86' lang='lat' dir='ltr'>Qua</span> <span class='ocrx_word' id='word_1_271' title='bbox 1753 2655 1922 2704; x_wconf 77' lang='lat' dir='ltr'>aperta,</span> <span class='ocrx_word' id='word_1_272' title='bbox 1969 2650 2173 2704; x_wconf 86' lang='lat' dir='ltr'>prefatus</span> 
     </span>
     <span class='ocr_line' id='line_1_38' title="bbox 517 2722 2168 2763; baseline 0.001 -1"><span class='ocrx_word' id='word_1_273' title='bbox 517 2722 722 2763; x_wconf 87' lang='lat' dir='ltr'>Joannes</span> <span class='ocrx_word' id='word_1_274' title='bbox 771 2723 920 2763; x_wconf 89' lang='lat' dir='ltr'>Hiortt</span> <span class='ocrx_word' id='word_1_275' title='bbox 974 2736 1079 2763; x_wconf 89' lang='lat' dir='ltr'>cum</span> <span class='ocrx_word' id='word_1_276' title='bbox 1137 2722 1355 2763; x_wconf 85' lang='lat' dir='ltr'>omnibus</span> <span class='ocrx_word' id='word_1_277' title='bbox 1411 2723 1498 2762; x_wconf 89' lang='lat' dir='ltr'>sibi</span> <span class='ocrx_word' id='word_1_278' title='bbox 1546 2723 1876 2763; x_wconf 88' lang='lat' dir='ltr'>adherentibus</span> <span class='ocrx_word' id='word_1_279' title='bbox 1922 2723 2168 2763; x_wconf 87' lang='lat' dir='ltr'>furibunde</span> 
     </span>
    </p>
   </div>
   <div class='ocr_carea' id='block_1_9' title="bbox 530 2814 2153 2818">
    <p class='ocr_par' dir='ltr' id='par_1_9' title="bbox 530 2814 2153 2818">
     <span class='ocr_line' id='line_1_39' title="bbox 530 2814 2153 2818; baseline 0 0"><span class='ocrx_word' id='word_1_280' title='bbox 530 2814 2153 2818; x_wconf 95' lang='lat' dir='ltr'> </span> 
     </span>
    </p>
   </div>
   <div class='ocr_carea' id='block_1_10' title="bbox 520 2866 2175 3199">
    <p class='ocr_par' dir='ltr' id='par_1_10' title="bbox 520 2866 2175 3199">
     <span class='ocr_line' id='line_1_40' title="bbox 604 2866 2168 2913; baseline -0.001 -11"><span class='ocrx_word' id='word_1_281' title='bbox 604 2867 641 2902; x_wconf 89' lang='lat'>2.</span> <span class='ocrx_word' id='word_1_282' title='bbox 682 2867 1020 2913; x_wconf 87' lang='lat' dir='ltr'>profligationem</span> <span class='ocrx_word' id='word_1_283' title='bbox 1053 2866 1121 2905; x_wconf 61' lang='lat' dir='ltr'>&amp;o</span> <span class='ocrx_word' id='word_1_284' title='bbox 1153 2867 1217 2902; x_wconf 92' lang='lat' dir='ltr'>W.</span> <span class='ocrx_word' id='word_1_285' title='bbox 1297 2867 1359 2903; x_wconf 90' lang='lat'>17.</span> <span class='ocrx_word' id='word_1_286' title='bbox 1402 2867 1674 2912; x_wconf 88' lang='lat' dir='ltr'>pertinenciis</span> <span class='ocrx_word' id='word_1_287' title='bbox 1708 2868 1752 2904; x_wconf 88' lang='lat' dir='ltr'>K.</span> <span class='ocrx_word' id='word_1_288' title='bbox 1831 2868 1893 2903; x_wconf 86' lang='lat'>21.</span> <span class='ocrx_word' id='word_1_289' title='bbox 1927 2878 2039 2911; x_wconf 82' lang='lat' dir='ltr'>casu,</span> <span class='ocrx_word' id='word_1_290' title='bbox 2085 2876 2168 2912; x_wconf 90' lang='lat' dir='ltr'>quo</span> 
     </span>
     <span class='ocr_line' id='line_1_41' title="bbox 523 2923 2169 2971; baseline 0.001 -14"><span class='ocrx_word' id='word_1_291' title='bbox 523 2936 568 2952; x_wconf 72' lang='lat' dir='ltr'><strong><em>z</em></strong></span> <span class='ocrx_word' id='word_1_292' title='bbox 594 2923 639 2967; x_wconf 79' lang='lat' dir='ltr'>si,</span> <span class='ocrx_word' id='word_1_293' title='bbox 671 2923 741 2968; x_wconf 80' lang='lat' dir='ltr'>cfr.</span> <span class='ocrx_word' id='word_1_294' title='bbox 771 2935 811 2970; x_wconf 81' lang='lat' dir='ltr'>p.</span> <span class='ocrx_word' id='word_1_295' title='bbox 848 2923 937 2969; x_wconf 77' lang='lat'><em>362,</em></span> <span class='ocrx_word' id='word_1_296' title='bbox 960 2925 1018 2961; x_wconf 87' lang='lat'>16.</span> <span class='ocrx_word' id='word_1_297' title='bbox 1095 2925 1159 2961; x_wconf 88' lang='grc'>26.</span> <span class='ocrx_word' id='word_1_298' title='bbox 1192 2927 1441 2959; x_wconf 88' lang='lat' dir='ltr'>occurrente</span> <span class='ocrx_word' id='word_1_299' title='bbox 1473 2924 1637 2971; x_wconf 77' lang='lat' dir='ltr'>scr1&#39;psi3</span> <span class='ocrx_word' id='word_1_300' title='bbox 1679 2927 1930 2960; x_wconf 88' lang='lat' dir='ltr'>cucurrente</span> <span class='ocrx_word' id='word_1_301' title='bbox 1962 2924 2035 2971; x_wconf 88' lang='lat' dir='ltr'>W;</span> <span class='ocrx_word' id='word_1_302' title='bbox 2080 2934 2169 2959; x_wconf 90' lang='lat' dir='ltr'>cur-</span> 
     </span>
     <span class='ocr_line' id='line_1_42' title="bbox 520 2980 2175 3027; baseline 0.002 -14"><span class='ocrx_word' id='word_1_303' title='bbox 520 2982 637 3014; x_wconf 86' lang='lat' dir='ltr'>rente</span> <span class='ocrx_word' id='word_1_304' title='bbox 657 2980 776 3024; x_wconf 78' lang='lat' dir='ltr'><strong>B(C).</strong></span> <span class='ocrx_word' id='word_1_305' title='bbox 840 2982 1019 3017; x_wconf 77' lang='lat'>26—27.</span> <span class='ocrx_word' id='word_1_306' title='bbox 1051 2982 1200 3017; x_wconf 82' lang='lat' dir='ltr'>iterato</span> <span class='ocrx_word' id='word_1_307' title='bbox 1228 2981 1525 3026; x_wconf 74' lang='lat' dir='ltr'>interrogante,</span> <span class='ocrx_word' id='word_1_308' title='bbox 1557 2981 1659 3027; x_wconf 86' lang='lat' dir='ltr'>quid</span> <span class='ocrx_word' id='word_1_309' title='bbox 1684 2981 1843 3026; x_wconf 75' lang='lat' dir='ltr'>scripsi3</span> <span class='ocrx_word' id='word_1_310' title='bbox 1876 2981 2175 3026; x_wconf 43' lang='lat' dir='ltr'>interrogant&amp;</span> 
     </span>
     <span class='ocr_line' id='line_1_43' title="bbox 520 3035 2166 3084; baseline 0.001 -14"><span class='ocrx_word' id='word_1_311' title='bbox 520 3035 621 3080; x_wconf 87' lang='lat' dir='ltr'>quid</span> <span class='ocrx_word' id='word_1_312' title='bbox 644 3036 792 3073; x_wconf 85' lang='lat' dir='ltr'>iterato</span> <span class='ocrx_word' id='word_1_313' title='bbox 811 3038 875 3074; x_wconf 88' lang='lat' dir='ltr'>W.</span> <span class='ocrx_word' id='word_1_314' title='bbox 937 3039 1001 3075; x_wconf 88' lang='lat'>30.</span> <span class='ocrx_word' id='word_1_315' title='bbox 1036 3039 1224 3074; x_wconf 87' lang='lat' dir='ltr'>omnium</span> <span class='ocrx_word' id='word_1_316' title='bbox 1251 3040 1328 3073; x_wconf 86' lang='lat' dir='ltr'>act.</span> <span class='ocrx_word' id='word_1_317' title='bbox 1354 3037 1428 3083; x_wconf 87' lang='lat' dir='ltr'>leg.</span> <span class='ocrx_word' id='word_1_318' title='bbox 1453 3052 1514 3082; x_wconf 70' lang='grc' dir='ltr'>Ξ,</span> <span class='ocrx_word' id='word_1_319' title='bbox 1547 3040 1590 3073; x_wconf 84' lang='lat' dir='ltr'>ut</span> <span class='ocrx_word' id='word_1_320' title='bbox 1607 3040 1718 3084; x_wconf 82' lang='lat' dir='ltr'>puto,</span> <span class='ocrx_word' id='word_1_321' title='bbox 1752 3038 1890 3073; x_wconf 90' lang='lat' dir='ltr'>omnis</span> <span class='ocrx_word' id='word_1_322' title='bbox 1915 3038 2018 3074; x_wconf 89' lang='lat' dir='ltr'>iuris</span> <span class='ocrx_word' id='word_1_323' title='bbox 2044 3038 2166 3073; x_wconf 86' lang='lat' dir='ltr'>etiam</span> 
     </span>
     <span class='ocr_line' id='line_1_44' title="bbox 520 3091 2172 3141; baseline 0.002 -15"><span class='ocrx_word' id='word_1_324' title='bbox 520 3091 700 3138; x_wconf 86' lang='lat' dir='ltr'>legitime</span> <span class='ocrx_word' id='word_1_325' title='bbox 723 3097 927 3131; x_wconf 88' lang='lat' dir='ltr'>aduersus</span> <span class='ocrx_word' id='word_1_326' title='bbox 951 3096 1100 3131; x_wconf 88' lang='lat' dir='ltr'>fratres</span> <span class='ocrx_word' id='word_1_327' title='bbox 1119 3095 1277 3141; x_wconf 89' lang='lat' dir='ltr'>agendi.</span> <span class='ocrx_word' id='word_1_328' title='bbox 1342 3094 1406 3130; x_wconf 90' lang='lat'>31.</span> <span class='ocrx_word' id='word_1_329' title='bbox 1432 3095 1661 3141; x_wconf 89' lang='lat' dir='ltr'>spopondit</span> <span class='ocrx_word' id='word_1_330' title='bbox 1677 3095 1747 3139; x_wconf 79' lang='lat' dir='ltr'>W3</span> <span class='ocrx_word' id='word_1_331' title='bbox 1779 3095 2030 3141; x_wconf 89' lang='lat' dir='ltr'>spospondit</span> <span class='ocrx_word' id='word_1_332' title='bbox 2048 3094 2172 3130; x_wconf 82' lang='lat' dir='ltr'>BCK-</span> 
     </span>
     <span class='ocr_line' id='line_1_45' title="bbox 521 3148 1152 3199; baseline 0.006 -15"><span class='ocrx_word' id='word_1_333' title='bbox 521 3148 585 3187; x_wconf 90' lang='lat'>32.</span> <span class='ocrx_word' id='word_1_334' title='bbox 620 3150 782 3195; x_wconf 86' lang='lat' dir='ltr'>aperire</span> <span class='ocrx_word' id='word_1_335' title='bbox 814 3152 886 3197; x_wconf 73' lang='lat' dir='ltr'>W3</span> <span class='ocrx_word' id='word_1_336' title='bbox 918 3152 1073 3199; x_wconf 85' lang='lat' dir='ltr'>aperiri</span> <span class='ocrx_word' id='word_1_337' title='bbox 1108 3152 1152 3188; x_wconf 87' lang='lat' dir='ltr'>K.</span> 
     </span>
    </p>
   </div>
  </div>
 </body>
</html>
