2242 3551
259 897 333 930 Fol,
349 892 419 928 42¹1

380 969 421 999 10

381 1333 420 1364 15

384 2428 427 2459 30

442 178 525 220 258
785 187 1064 218 SCRIPTORES
1097 185 1328 216 HISTORIAE
1360 186 1538 216 DANICAE
1570 186 1772 217 MINORES

530 303 719 346 Tercie
766 302 998 344 citationis
1043 306 1175 343 tenor
1220 302 1324 343 talis
1371 305 1484 343 erat:
1537 303 1642 355 ».B.,
1689 302 1761 343 dei
1810 303 1953 355 gratia
1995 303 2109 344 Sles-

443 378 657 420 wicensis
690 376 950 430 episcopus,
998 375 1137 416 iudex
1168 375 1194 425 ἦ·
1227 376 1362 415 datus
1407 388 1432 415 a
1471 374 1727 416 uenerabili
1759 379 1887 428 patre
1920 375 2111 416 domino

446 452 525 504 .G.‚
569 449 865 491 miseratione
897 447 1059 488 diuina
1090 447 1209 488 tituli
1243 448 1390 488 sancti
1424 447 1665 500 Laurencij
1700 447 1746 488 in
1782 448 1958 488 Lucina
1990 461 2111 501 pres-

445 524 591 565 bitero
619 522 857 573 cardinali,
882 520 1003 562 sedis
1028 520 1280 574 apostolice
1306 520 1467 572 legato,
1497 521 1745 573 delegatus,
1771 520 1873 561 uiro
1896 520 2110 573 religioso

447 601 489 638 et
528 597 725 637 discreto
766 593 959 634 domino
993 594 1075 646 .E.,
1117 593 1258 647 priori
1297 594 1352 633 de
1385 593 1503 634 Tuta
1544 593 1678 645 ualle,
1726 593 1902 634 ordinis
1937 593 2112 646 Cyster-

446 669 626 718 ciensis,
660 666 870 721 dyocesis
904 666 1131 720 Ripensis,
1165 666 1374 707 salutem.
1438 665 1674 717 Quoniam
1708 666 1858 707 dictus
1891 666 2110 707 dominus

447 741 694 785 cardinalis
729 741 840 781 &c'.«
909 740 966 780 Et
1011 743 1111 780 acta
1159 739 1256 780 eius
1303 739 1391 780 diei
1439 739 1548 780 talia
1596 743 1744 780 erant:
1797 740 1875 780 »In
1921 738 2111 780 nomine

446 831 488 871 p.
523 820 564 857 et
595 815 639 856 fi.
675 819 781 855 ets.
817 826 849 854 s,
899 813 1059 853 Amen.
1127 811 1329 853 Sabbato
1377 812 1590 866 proximo
1637 817 1742 853 ante
1789 812 2110 853 ascensionem

448 888 627 930 domini
659 900 817 928 coram
849 885 985 927 nobis
1016 883 1027 939 Η
1061 885 1138 934 .Β.,
1186 884 1259 926 dei
1297 885 1441 937 gratia
1475 885 1762 926 Sleswicensi
1803 885 2036 939 episcopo,
2084 897 2109 924 a

448 960 703 1003 uenerabili
742 964 869 1014 patre
909 958 1101 999 domino
1135 958 1214 1010 .G.‚
1262 957 1557 999 miseratione
1598 958 1757 999 diuina
1804 958 1925 999 tituli
1966 958 2110 998 sancti

448 1033 690 1087 Laurencij
745 1034 793 1073 in
842 1031 1020 1073 Lucina
1074 1030 1327 1085 presbitero
1384 1031 1629 1084 cardinali,
1691 1031 1943 1085 apostolice
1991 1030 2111 1071 sedis

448 1110 616 1161 legato,
673 1106 808 1148 vnico
855 1104 1007 1146 iudice
1055 1104 1262 1156 delegato
1310 1104 1356 1144 in
1404 1117 1566 1156 causa,
1621 1117 1709 1158 que
1756 1105 1949 1145 uertitur
1996 1105 2112 1144 inter

449 1180 763 1222 uenerabilem
803 1179 989 1219 fratrem
1032 1181 1243 1218 nostrum
1284 1177 1529 1218 dominum
1572 1179 1635 1218 .T.
1678 1178 1975 1219 Arusiensem
2024 1178 2109 1231 epi-

449 1266 643 1307 scopum
692 1265 745 1292 ex
792 1264 883 1291 una
933 1254 1079 1303 parte,
1128 1253 1168 1289 et
1216 1249 1369 1289 uirum
1418 1249 1683 1301 religiosum
1732 1236 1813 1304 <et>
1861 1250 2110 1291 discretum

449 1326 693 1367 dominum
727 1325 811 1365 Th.
846 1324 1060 1364 abbatem
1102 1323 1157 1363 de
1190 1322 1295 1374 Om,
1343 1322 1643 1376 eiusdemque
1684 1323 1771 1364 loci
1812 1327 2111 1374 conuentum,

449 1413 502 1439 ex
542 1399 696 1448 altera,
746 1401 914 1437 statuto
953 1396 1075 1437 dicto
1116 1395 1307 1436 domino
1349 1395 1506 1436 abbati
1549 1401 1590 1436 et
1622 1397 1814 1437 domino
1849 1396 2111 1447 Benedicto,

449 1471 688 1525 capellano
722 1470 830 1511 dicti
863 1469 1040 1510 domini
1075 1468 1294 1522 episcopi,
1337 1468 1415 1522 qui
1449 1481 1496 1522 se
1528 1469 1665 1520 gessit
1698 1482 1780 1522 pro
1814 1473 2111 1523 procuratore

450 1544 672 1595 eiusdem,
697 1543 752 1583 ad
777 1543 1144 1595 comparendum
1166 1541 1455 1593 Flensborgh
1478 1542 1524 1581 in
1548 1541 1720 1582 iudicio
1744 1543 1801 1582 ad
1825 1542 2110 1583 audiendum

450 1616 675 1670 quasdam
725 1615 1036 1656 attestationes
1078 1614 1339 1668 propositas
1378 1619 1537 1655 contra
1580 1615 1754 1656 dictum
1797 1615 2112 1665 Benedictum,

380 1700 388 1709 ⁶
451 1690 664 1731 uidelicet
696 1689 820 1743 quod
854 1692 1124 1741 procurator
1157 1700 1254 1728 esse
1287 1700 1379 1728 non
1414 1691 1581 1740 posset,
1624 1692 1673 1728 ut
1712 1692 1817 1742 pote
1850 1700 2112 1728 excommu-

451 1763 645 1815 nicatus,
685 1766 726 1802 et
758 1762 823 1802 sic
856 1774 1103 1815 personam
1137 1760 1289 1800 standi
1322 1760 1367 1800 in
1402 1760 1573 1801 iudicio
1607 1774 1700 1802 non
1734 1761 1936 1814 haberet,
1981 1764 2023 1800 et
2054 1761 2111 1800 ad

450 1835 700 1877 dicendum
733 1835 780 1875 in
814 1847 1035 1888 personas
1069 1838 1110 1875 et
1141 1833 1187 1874 in
1221 1833 1342 1874 dicta
1374 1833 1574 1886 testium,
1608 1838 1649 1874 et
1681 1835 1738 1875 ad
1765 1834 2110 1888 procedendum

452 1908 656 1959 ulterius,
704 1911 840 1960 prout
887 1911 1004 1948 esset
1043 1908 1097 1947 de
1140 1906 1236 1946 iure
1277 1907 1638 1959 procedendum,
1685 1930 1741 1935 —
1768 1907 1992 1961 predicto
2040 1906 2112 1946 die

451 1984 562 2035 aput
594 1981 748 2021 locum
782 1983 1091 2021 memoratum
1125 1992 1232 2033 pars
1265 1979 1443 2020 domini
1475 1980 1656 2020 abbatis
1695 1993 1852 2021 coram
1892 1980 2027 2020 nobis
2064 1979 2111 2019 in

452 2053 623 2094 iudicio
657 2053 959 2107 personaliter
992 2052 1265 2106 comparuit,
1302 2065 1408 2106 pars
1442 2065 1552 2093 uero
1585 2053 1694 2094 dicti
1722 2053 2034 2107 procuratoris
2066 2065 2112 2092 se

452 2126 787 2167 contumaciter
824 2126 1097 2167 absentauit.
1162 2126 1256 2166 Nos
1289 2139 1414 2177 uero,
1461 2125 1620 2167 habito
1664 2126 1967 2167 discretorum
2009 2138 2112 2166 con-

454 2199 570 2251 silio,
617 2199 931 2240 attestationes
968 2198 1153 2239 testium
1202 2197 1429 2252 publicari
1472 2198 1688 2250 fecimus3
1735 2199 1904 2253 quibus
1944 2198 2112 2252 apertis

454 2276 496 2313 et
528 2272 788 2325 publicatis,
836 2271 955 2312 sicut
985 2272 1041 2312 de
1073 2271 1171 2312 iure
1204 2271 1370 2322 decuit,
1419 2271 1685 2312 inuenimus
1716 2275 1852 2312 testes
1884 2271 2111 2323 legitimos

455 2358 537 2398 pro
578 2348 705 2398 parte
745 2343 924 2384 domini
963 2344 1144 2384 abbatis
1183 2345 1439 2384 secundum
1480 2344 1794 2397 exceptionem
1827 2343 2110 2398 propositam

454 2418 535 2458 rite
583 2422 624 2458 et
670 2416 869 2469 legitime
915 2416 1198 2470 deposuisse.
1291 2416 1472 2467 Quibus
1520 2417 1654 2468 actis,
1709 2420 1885 2470 partem
1934 2415 2111 2457 domini

453 2489 715 2531 Arusiensis
746 2489 1060 2530 iudicauimus
1094 2494 1431 2541 contumacem,
1463 2490 1510 2529 in
1543 2489 1724 2543 scriptis
1757 2489 1904 2543 ipsam
1937 2492 2112 2529 senten-

454 2561 628 2602 cialiter
660 2561 777 2615 parti
809 2562 1004 2602 aduerse
1035 2561 1082 2601 in
1115 2560 1326 2614 expensis
1359 2547 1426 2615 <in
1461 2547 1571 2614 tota>
1603 2560 1680 2602 lite
1712 2560 1843 2601 factis
1867 2561 2113 2613 condemp-

454 2638 636 2686 nantes,
690 2633 1024 2674 nichilominus
1071 2633 1344 2687 prefigentes
1392 2634 1619 2686 partibus,
1676 2633 1889 2674 uidelicet
1935 2632 2112 2673 domini

404 2759 409 2763 1
456 2706 714 2747 Arusiensis
747 2710 788 2746 et
820 2705 998 2746 domini
1030 2705 1226 2757 abbatis,
1259 2705 1394 2756 diem,
1434 2706 1647 2747 uidelicet
1678 2706 1725 2746 in
1758 2705 1958 2746 crastino
1992 2703 2112 2745 beati

542 2840 577 2875 2.
610 2839 733 2875 datus
767 2837 833 2884 CS,
877 2839 965 2875 sine
1004 2838 1127 2875 dubio
1167 2841 1365 2885 corrupte,
1409 2850 1502 2875 cum
1545 2839 1657 2875 iuxta
1697 2849 1866 2885 sequens
1898 2838 2111 2885 delegatus

454 2906 807 2942 superuacaneum
840 2897 909 2941 sit3
941 2897 1092 2933 unicus
1124 2896 1341 2932 dicendum
1374 2899 1461 2932 erat
1491 2899 1534 2932 ut
1561 2908 1600 2943 ρ.
1630 2897 1721 2942 257,
1744 2897 1795 2932 19
1825 2899 1922 2942 etp.
1948 2895 2042 2941 258,
2063 2894 2112 2931 12

456 2955 492 2989 et
524 2964 564 2999 p.
597 2953 773 2999 260‚15,
821 2954 890 2989 sed
930 2953 1006 2989 hoc·
1046 2954 1114 2990 vix
1152 2954 1193 2989 in
1236 2954 1358 2990 datus
1398 2954 1607 3000 corrumpi
1646 2954 1796 3000 potui&
1843 2954 1980 2989 dictus
2017 2951 2110 2998 fort.

458 3021 597 3046 verum
644 3010 727 3047 erit.
807 3012 867 3047 14.
915 3014 955 3047 et
993 3011 1145 3047 addidi.
1245 3011 1474 3047 discretum
1517 3010 1586 3056 C83
1635 3011 1835 3047 dilectum
1883 3008 2108 3055 Lanqebelc.

460 3068 522 3104 19.
554 3068 825 3105 atestationes
859 3066 924 3104 CS.
986 3068 1050 3104 32.
1083 3069 1125 3104 in
1159 3071 1243 3104 tota
1276 3069 1428 3114 addidi,
1463 3068 1532 3114 cfr.
1563 3079 1601 3114 p.
1635 3068 1808 3114 260,23.
