2242 3551
532 189 614 228 272
872 193 1148 224 SCRIPTORES
1182 192 1409 221 HlsromAE
1442 190 1619 220 DANICAE
1651 188 1851 218 MINORES

535 315 737 368 quadam
780 311 892 361 vice,
939 322 1045 349 cum
1088 307 1278 361 quidam
1320 306 1579 347 monachus
1617 305 1675 345 ad
1707 316 1812 344 eum
1845 302 2075 355 Wibergis
2106 315 2187 356 pro

535 387 739 443 quodam
780 382 971 436 negocio
1014 382 1269 422 destinatus
1309 366 1456 435 (esset)
1501 383 1544 420 et
1574 391 1668 419 non
1701 378 1839 432 petita
1872 376 2189 418 benedictione

536 464 578 500 et
600 457 782 500 licentia
806 455 1017 510 protinus
1039 454 1313 506 recessisset,
1344 454 1604 507 dompnum
1624 451 1869 492 Nicolaum
1893 450 2191 502 monachum,

534 537 646 573 tunc
683 529 975 583 capellanum
1015 540 1166 579 suum,
1214 531 1371 580 postea
1419 526 1618 580 priorem
1661 524 1792 564 istius
1833 524 2014 575 domus,
2061 523 2191 563 valde

492 610 510 640 5
538 604 712 645 duriter
743 600 1014 654 ixmrepauit,
1047 600 1171 653 quod
1205 612 1311 640 eum
1344 599 1401 639 ad
1434 610 1645 639 mensam
1674 610 1807 638 suam
1830 609 1923 637 non
1948 599 2193 637 vocauerat

538 689 709 726 secum,
752 674 910 715 dicens
942 672 1057 713 illud
1089 672 1305 725 apostoli:
1349 671 1515 722 ‘Quam
1549 670 1629 711 diu
1663 669 1907 723 episcopus
1940 680 2031 720 ero,
2064 667 2194 708 mini-

538 749 728 790 sterium
775 758 931 787 meum
979 744 1327 786 honorificabo‘.
1392 744 1443 785 In
1490 743 1671 784 mantili
1717 742 1917 783 comedit
1954 755 2009 782 ex
2049 741 2193 793 griseo

538 822 676 872 birro,
711 818 934 860 desubtus
966 831 1020 858 ex
1052 817 1250 871 pellibus
1279 817 1460 870 agninis
1486 816 1614 857 albis.
1664 815 1790 856 Licet
1815 815 2020 868 hospites
2043 814 2194 867 plures

541 892 791 947 aliquando
838 890 1018 932 nobiles
1066 903 1221 931 secum
1270 890 1473 942 haberet,
1519 893 1673 930 tamen
1717 888 1888 929 dietam
1931 900 2063 928 suam
2102 890 2195 927 tam

474 970 515 1001 10
542 968 657 1007 bene
679 964 843 1017 iugiter
865 963 1129 1015 custodiuit,
1157 967 1204 1003 vt
1226 963 1421 1003 eandem
1444 961 1746 1015 quantitatem
1771 959 1975 1014 quotidie
1998 959 2196 1000 bibendo

542 1037 758 1089 seruauit,
799 1040 976 1078 remota
1009 1049 1190 1089 semper
1223 1035 1349 1076 omni
1384 1034 1617 1076 ebrietatis
1650 1037 1771 1074 nota,
1835 1032 2013 1074 Portari
2046 1035 2197 1072 autem

543 1124 699 1152 secum
740 1123 920 1163 semper
958 1109 1063 1150 fecit
1106 1122 1185 1162 per
1227 1108 1495 1162 pincernam
1539 1120 1677 1147 suum
1710 1119 1819 1147 suos
1851 1105 2013 1159 ciphos
2045 1115 2197 1156 argen-

542 1188 652 1235 teos,
687 1195 779 1223 non
812 1186 999 1236 propter
1031 1181 1297 1235 superbiam
1329 1180 1400 1222 vel
1431 1180 1618 1220 inanem
1652 1179 1859 1232 gloriam,
1906 1179 1983 1220 sed
2017 1182 2198 1231 propter

544 1255 781 1309 ministerij
819 1255 889 1295 sui
930 1254 1133 1295 debitam
1173 1253 1591 1305 honorificentiam⁷
1638 1252 1747 1307 quia
1783 1251 1873 1292 illis
1914 1250 2199 1304 temporibus

291 1332 447 1368 F01.50s.
478 1335 518 1365 15
547 1331 632 1370 hec
677 1328 965 1369 consuetudo
1012 1327 1137 1380 apud
1185 1339 1345 1367 omnes
1393 1327 1625 1380 dompnos
1673 1328 1714 1365 et
1755 1325 2000 1378 precipuos
2038 1320 2049 1378 Η
2085 1327 2199 1364 terre

548 1401 738 1443 celebris
780 1405 822 1442 et
861 1400 1118 1440 condecens
1158 1400 1428 1440 habebatur.
1494 1397 1697 1439 Ceruisia
1739 1397 1906 1438 etenim
1946 1396 2121 1437 Danica
2161 1399 2201 1437 et

549 1475 684 1515 medo
716 1473 932 1527 precipue
965 1472 1275 1522 habebantur3
1308 1476 1443 1525 potus
1468 1475 1621 1512 autem
1647 1470 1901 1512 Saxonicus
1929 1482 2035 1510 cum
2067 1468 2200 1509 nouis

548 1547 731 1601 vicarijs
764 1546 874 1599 sitis,
907 1531 994 1600 (vt)
1027 1545 1120 1585 iam
1153 1550 1218 1586 est
1251 1550 1539 1596 consuetum,
1578 1546 1635 1586 ad
1669 1548 1820 1598 partes
1850 1544 1962 1584 istas
1993 1544 2199 1583 nondum

552 1620 674 1661 venit
719 1619 909 1671 venalis,
956 1631 1041 1659 nec
1087 1620 1142 1658 de
1181 1618 1260 1658 tali
1300 1623 1410 1671 potu
1458 1618 1646 1671 plurimi
1692 1617 1867 1670 aliquid
1911 1618 2200 1657 curauerunt.

480 1698 522 1728 20
551 1694 615 1733 De
649 1705 740 1746 quo
774 1695 883 1745 potu
914 1695 1072 1744 postea
1098 1691 1279 1731 nouiter
1302 1691 1503 1732 venienti
1530 1691 1728 1731 rusticus
1753 1690 1958 1744 quidam,
1990 1687 2201 1729 habitans

550 1778 692 1819 prope
725 1764 959 1805 ciuitatem
992 1764 1355 1816 wibergensem,
1395 1776 1477 1816 pro
1511 1763 1726 1816 denarijs‚
1773 1775 1890 1817 quos
1921 1760 2091 1814 recepit
2122 1772 2201 1813 pro

550 1838 735 1890 merica,
777 1823 959 1891 <quam>
992 1837 1055 1877 ibi
1090 1837 1368 1883 vendideratq
1411 1837 1473 1877 ita
1506 1850 1586 1890 per
1617 1836 1883 1877 ebrietatem
1916 1836 2202 1877 dementatus

639 1980 673 2015 2.
722 1981 830 2015 esset
877 1980 968 2023 (eet)
1015 1978 1165 2015 addidi.
1265 1983 1315 2014 ῃό
1357 1978 1484 2025 petita
1532 1978 1578 2024 C,
1623 1979 1692 2015 sed
1738 1983 1789 2015 116
1831 1980 2002 2025 optenta
2049 1974 2202 2012 malim.

555 2037 675 2073 6-7,
719 2037 852 2080 Quam
901 2036 1357 2073 diu..honorificab0:
1404 2035 1474 2082 cfr.
1508 2036 1683 2072 Roman.
1718 2036 1780 2082 11,
1803 2035 1863 2072 13.
1956 2035 1992 2073 7.
2038 2031 2204 2069 mantile

554 2093 680 2140 (infra
719 2105 758 2140 p.
790 2092 973 2139 276,12:
1015 2093 1216 2136 mantule)
1257 2093 1360 2130 idem
1402 2095 1469 2139 est,
1516 2093 1626 2140 qaod
1661 2092 1937 2141 mant(ell)um
1981 2092 2061 2128 dici
2099 2090 2204 2134 solet,

556 2151 754 2188 Gallicum
803 2155 1010 2188 manteau.
1103 2152 1252 2197 griseo,
1298 2151 1447 2187 scilicet
1490 2149 1602 2197 quod
1644 2151 1711 2187 hic
1756 2153 1844 2187 erat
1885 2147 2204 2187 Cisterciensium

554 2210 674 2245 color.
751 2209 787 2245 8.
822 2208 964 2244 birrus
997 2210 1054 2244 est
1085 2208 1285 2244 Gallicum
1319 2209 1434 2253 bure,
1481 2211 1666 2244 nostram
1699 2208 1884 2245 Vadmel.
1964 2208 2023 2243 12.
2057 2205 2205 2252 ciphus

560 2281 605 2298 z
628 2266 825 2313 scyphus.
893 2267 952 2301 17.
986 2266 1265 2310 habebantur,
1304 2265 1325 2302 i.
1358 2277 1387 2301 e.
1419 2266 1461 2301 in
1496 2277 1575 2301 usu
1608 2269 1736 2302 erant.
1803 2266 1978 2302 17—18.
2011 2269 2061 2300 cu
2087 2261 2206 2298 nouis

556 2324 724 2370 vicarijs
757 2323 847 2359 sitis
881 2323 914 2359 C
947 2334 971 2358 a
1003 2334 1131 2358 manu
1160 2323 1299 2369 prima
1331 2322 1486 2368 habuit,
1529 2334 1603 2359 nec
1642 2323 1781 2359 inscite
1812 2323 1954 2369 vicar-ij
1990 2322 2079 2357 sitis
2111 2318 2206 2355 eius-

557 2380 670 2417 modi
705 2382 825 2426 potas
867 2381 1004 2416 vocari
1037 2382 1272 2426 potuerunt,
1323 2381 1393 2426 qui
1429 2380 1537 2416 sitim
1578 2391 1661 2416 non
1694 2382 1776 2416 tam
1809 2380 2206 2426 exiinquantqaa1n

557 2439 689 2474 denuo
727 2437 904 2473 excitant
944 2437 1250 2483 (siqnisicaniur
1286 2437 1435 2473 scilicet
1472 2438 1587 2473 varia
1621 2438 1810 2473 vinorum
1842 2438 2031 2484 yenera);
2079 2435 2209 2480 itaque

558 2495 667 2531 hanc
697 2495 943 2540 scripturam
978 2496 1137 2530 matare
1168 2506 1251 2530 non
1283 2494 1423 2539 audeo,
1458 2505 1539 2540 qua
1572 2497 1728 2541 recepta
1761 2497 1897 2532 tamen
1932 2497 1974 2529 vt
2005 2495 2098 2528 ante
2127 2491 2206 2526 iam

561 2552 795 2588 addendum
835 2554 900 2589 esi.
962 2552 1137 2598 Vicarijs
1178 2552 1217 2587 in
1259 2552 1429 2598 bicarijS
1468 2552 1646 2588 mutauit
1684 2552 1766 2588 alia
1806 2563 1968 2597 mamis,
2015 2560 2104 2596 qaae
2136 2556 2210 2583 vox

562 2610 755 2654 calicem,
816 2620 888 2645 vas
934 2609 1192 2655 potatorium
1240 2609 1446 2655 siqnificai
1489 2609 1636 2653 (Germ.
1685 2610 1877 2654 Becher);
1937 2608 2014 2644 hoc
2059 2605 2209 2651 recepto

562 2666 778 2712 Lanyebelc
810 2666 913 2702 iusto
945 2666 1143 2701 audacius
1175 2667 1282 2702 sicut
1311 2677 1388 2712 pro
1421 2667 1511 2702 sitis
1543 2666 1727 2712 scripsit,·
1771 2666 1839 2702 sed
1876 2677 1949 2701 nec
1989 2664 2208 2711 quidquam

563 2724 741 2770 amplius
774 2723 821 2759 de
851 2723 915 2759 his
948 2723 1066 2759 nouis
1096 2722 1253 2768 poculis
1284 2723 1442 2769 dicitur,
1487 2734 1560 2759 nec
1587 2726 1757 2770 propter
1786 2734 1913 2759 nouos
1941 2724 2062 2769 potus
2093 2719 2209 2756 etiam

564 2791 674 2817 noua
718 2780 866 2826 pocula
906 2780 1122 2826 importari
1161 2781 1296 2827 utique
1334 2791 1435 2826 opas
1476 2783 1571 2817 erat.
1650 2782 1711 2817 19.
1750 2781 1864 2817 venit
1900 2791 1928 2816 s.
1963 2790 1996 2816 l).
2033 2778 2125 2814 aad.
2166 2774 2207 2811 C.

565 2838 725 2884 aliquid
766 2837 925 2883 scripsi3
972 2838 1102 2884 aliqui
1142 2838 1187 2874 C.
1271 2838 1335 2874 22.
1385 2839 1540 2873 merica
1581 2838 1633 2882 C;
1680 2838 1756 2874 hoc
1800 2837 2005 2874 Danicum
2059 2835 2204 2870 »Pors«

568 2895 698 2931 valere
743 2894 960 2941 Lanyebelc
1002 2894 1182 2941 putauit,
1230 2905 1311 2941 qua
1356 2894 1481 2930 herba
1531 2895 1571 2930 in
1619 2895 1811 2931 cereuisia
1858 2893 2075 2930 braxanda
2121 2893 2212 2927 tunc

568 2951 803 2995 utebantum
850 2953 918 2987 sed
954 2951 1077 2988 haias
1115 2951 1250 2988 herboe
1289 2962 1437 2988 nomen
1481 2955 1643 2998 myrtus
1681 2955 1755 2997 θεῖς
1801 2952 1969 2996 merim,
2014 2949 2210 2996 quantum

569 3009 764 3055 ἰηίεἰὶερο,
803 3019 963 3055 semper
995 3010 1152 3056 »Lyng«
1188 3009 1249 3045 vel
1284 3009 1541 3056 »Lyngjord«
1579 3009 1793 3056 significat,
1834 3009 1900 3045 hic
1927 3008 2021 3054 fort.
2062 3007 2211 3052 »Lyng—

568 3069 701 3102 tot-v«.
795 3077 920 3112 quam
954 3067 1042 3102 acia.
1081 3065 1303 3113 Lanyebelc.
