2242 3551
618 185 760 214 vssTvs
792 185 1018 215 CHRONlCA
1052 188 1290 216 SIALANmE
1719 178 1773 216 39

123 300 343 341 accedens
377 312 505 340 sacra
538 298 635 339 eius
667 298 853 351 vestigia
886 299 1184 341 deuotissime
1216 302 1525 342 osculabatur.
1582 302 1769 342 Modum

122 377 274 413 tamen
317 375 395 412 aut
434 371 596 413 seriem
638 371 827 412 visionis
869 385 952 412 nec
994 373 1213 426 cuiquam
1253 374 1428 427 aperire
1470 387 1553 414 nec
1593 373 1638 413 in
1673 374 1773 414 Vita

122 444 326 485 eiusdem
374 444 575 498 episcopi
623 444 819 485 scribere
866 445 1117 499 acquieuit,
1169 447 1258 486 hoc
1305 446 1426 486 enim
1474 447 1772 499 respondens,

121 529 227 557 cum
260 516 512 570 plurimum
546 520 792 569 rogaretur,
840 516 978 557 nimis
1021 519 1077 558 ad
1121 518 1354 571 propriam
1397 518 1467 558 sui
1501 518 1645 571 ipsius
1679 532 1773 571 per-

120 589 310 630 tinuisse
342 602 601 642 personam.
665 589 854 642 Scripsit
885 590 941 630 de
974 591 1135 631 eodem
1170 591 1348 643 presule
1381 591 1549 631 librum
1588 595 1772 632 sanctus

125 662 400 712 Bernardus,
432 661 667 702 miraculis
701 665 744 702 et
777 662 1020 702 virtutibus
1054 662 1254 715 plenum.

209 734 451 775 MCXLIX.
515 734 687 788 Captus
731 738 796 775 est
836 734 1038 775 Eskillus
1079 735 1455 789 archiepiscopus
1495 749 1520 775 a
1561 736 1772 777 Suenone

121 818 221 859 rege
262 806 445 854 Scanie;
492 807 571 861 qui
612 807 780 848 timens
819 807 1345 848 excommunicationem
1395 808 1534 849 soluit
1580 821 1684 849 eum
1733 812 1774 848 et

121 879 316 920 deditei
349 879 591 920 dimidiam
626 880 960 921 Borundholm.

208 952 343 994 MCL.
408 952 585 993 Bellum
619 952 704 993 fuit
735 952 1102 1006 Thorstenthorp
1144 953 1261 994 inter
1294 954 1415 994 Suen
1449 957 1491 994 et
1524 955 1772 1005 Kanutum‚

121 1028 162 1065 et
193 1024 307 1077 fugit
341 1025 564 1065 Kanutus.

208 1097 365 1138 MCLI.
444 1097 619 1138 Bellum
667 1097 750 1138 fuit
798 1098 1039 1151 Wibergis,
1088 1102 1127 1139 et
1175 1099 1340 1140 iterum
1388 1099 1500 1150 fugit
1550 1100 1771 1139 Kanutus.

121 1170 193 1221 (Et
224 1171 531 1211 Valdamarus
565 1170 791 1211 militabat
820 1170 865 1211 in
900 1171 1060 1212 castris
1093 1172 1349 1222 Suenonis).

211 1243 393 1284 MCLII.
458 1243 677 1284 Exulauit
708 1244 918 1284 Kanutus
951 1244 997 1284 in
1031 1244 1242 1286 Sueciam
1275 1247 1317 1284 et
1351 1244 1580 1285 Rusciam.

207 1316 411 1358 MCLIlI.
492 1317 591 1357 Hoc
643 1329 766 1357 anno
821 1321 1007 1357 sanctus
1056 1317 1339 1366 Bernardus,
1398 1317 1576 1370 primus
1629 1317 1772 1358 abbas

122 1385 389 1430 Clareuallis
431 1392 472 1430 et
511 1389 671 1430 doctor
702 1389 911 1437 eximius,
961 1389 1177 1442 migrauit
1216 1403 1241 1430 a
1282 1390 1450 1431 seculo.
1514 1390 1656 1430 Multa
1696 1403 1773 1442 per

52 1515 55 1517 .
120 1462 245 1502 hunc
283 1461 509 1502 famulum
554 1474 690 1502 suum
733 1462 955 1502 miracula
994 1463 1170 1503 mundo
1217 1462 1427 1504 Christus
1466 1463 1579 1503 deus
1620 1466 1773 1503 noster

120 1535 357 1575 ostendere
406 1534 619 1586 dignatus
666 1538 743 1576 est.
823 1536 916 1576 Nec
956 1538 1058 1588 post
1104 1535 1223 1576 beati
1265 1535 1450 1576 Martini
1489 1535 1773 1576 Turonensis

119 1606 322 1660 episcopi
354 1611 561 1661 tempora
594 1607 841 1662 quisquam
873 1612 1137 1648 sanctorum
1166 1608 1211 1648 in
1238 1621 1374 1649 carne
1399 1607 1579 1649 mortali
1605 1608 1772 1659 degens

119 1679 250 1720 facile
298 1679 531 1733 reperitur,
580 1679 658 1733 qui
707 1683 830 1720 tanta
870 1680 1073 1721 remedia
1112 1680 1456 1721 infirmantibus
1504 1684 1545 1720 et
1591 1680 1773 1721 afflictis

120 1751 373 1793 contulerit.
423 1752 541 1792 Nam
568 1756 616 1792 ut
641 1765 788 1806 pauca
815 1753 1058 1806 proferam,
1091 1766 1170 1806 per
1199 1766 1287 1807 que
1319 1753 1455 1794 etiam
1490 1766 1583 1794 non
1616 1753 1771 1794 audita

119 1824 441 1877 intelligantur,
490 1838 595 1866 cuin
637 1837 830 1878 regnum
871 1825 1113 1867 Germanie
1161 1829 1347 1866 sanctus
1394 1826 1466 1866 dei
1511 1827 1772 1867 Bernardus

121 1896 363 1949 introisset,
409 1901 503 1938 tam
544 1899 813 1939 excellenter
851 1898 1013 1939 enituit
1051 1898 1097 1939 in
1130 1898 1272 1951 gratia
1306 1898 1570 1950 sanitatum,
1618 1898 1772 1939 ut'vix

120 1969 241 2010 credi
284 1971 445 2022 valeat,
493 1971 530 2011 si
570 1970 759 2012 dicatur.
824 1972 941 2012 Nam
974 1971 1202 2012 testificati
1235 1975 1354 2023 sunt,
1401 1971 1478 2025 qui
1512 1972 1699 2012 adfuere
1732 1975 1774 2012 et

120 2042 266 2083 oculis
305 2042 399 2083 suis
439 2043 665 2095 viderunt,
711 2043 759 2084 in
796 2043 1022 2085 territorio
1056 2043 1395 2085 Constantiensi
1437 2057 1526 2084 una
1570 2043 1642 2084 die
1674 2043 1772 2084 illu-

121 2114 319 2156 minatos
351 2116 406 2156 ad
442 2116 539 2156 eius
571 2115 915 2169 impositionem
950 2130 1118 2157 manus
1150 2129 1282 2157 cecos
1314 2129 1371 2164 x1,
1417 2119 1601 2156 sanatos
1635 2116 1770 2156 etiam

121 2200 311 2229 mancos
356 2201 402 2240 X,
459 2189 650 2230 claudos
697 2193 868 2229 erectos
915 2202 1036 2229 xvni.
1127 2189 1195 2229 Ad
1242 2188 1447 2229 eiusdem
1495 2187 1578 2228 viri
1627 2189 1771 2229 sancti

120 2261 374 2302 orationem
431 2264 472 2301 et
528 2274 695 2301 manus
749 2261 1091 2315 impositionem
1142 2275 1220 2314 per
1266 2261 1491 2310 triduum,
1553 2262 1675 2314 quod
1725 2261 1769 2300 in

121 2332 311 2374 Colonia
337 2333 455 2384 fecit,
487 2346 546 2373 xii
573 2333 763 2375 claudos
788 2338 974 2386 erectos,
1009 2347 1199 2374 mancos
1224 2334 1342 2374 duos
1367 2337 1565 2381 sanatos,
1591 2346 1616 2372 v
1640 2346 1770 2373 cecos

121 2404 426 2457 illuminatos,
487 2406 718 2459 loquelam
773 2407 999 2447 redditam
1048 2406 1187 2447 mutis
1233 2405 1401 2457 tribus,
1463 2409 1504 2445 et
1550 2419 1575 2445 x
1622 2406 1771 2446 surdis

208 2538 242 2573 2.
277 2538 467 2574 visionis:
516 2540 652 2574 utrum
684 2539 727 2575 B.
761 2550 815 2575 an
849 2538 897 2575 M.
931 2538 1039 2575 hanc
1081 2535 1276 2576 visionem
1317 2537 1514 2583 habuerit,
1563 2549 1612 2574 ea·
1644 2538 1771 2574 verbis

121 2605 205 2630 non
250 2594 380 2641 liquet.
456 2596 552 2639 vita,
597 2595 667 2641 cfr.
697 2607 736 2642 ρ.
769 2597 948 2643 29,83(].
1026 2597 1059 2632 4.
1093 2595 1360 2642 pertimuisse
1400 2595 1446 2639 C,
1491 2606 1591 2631 corr.
1625 2596 1770 2631 Arnas.

124 2651 157 2686 7.
192 2652 430 2698 Eschyldus
463 2653 511 2689 H.
575 2654 611 2689 8.
647 2653 838 2690 Schaniae
872 2654 904 2689 H
937 2652 1037 2701 (non
1069 2651 1124 2694 S).
1188 2653 1222 2688 9.
1258 2652 1502 2687 Borinholm
1540 2653 1594 2694 H;
1643 2653 1770 2688 Born-

122 2707 237 2744 holm
271 2709 311 2745 S.
384 2710 445 2746 10.
478 2709 787 2757 Thorstentorp
822 2711 869 2749 H.
944 2710 1005 2745 12.
1038 2707 1311 2758 V(W)iburgis
1345 2709 1390 2744 H.
1464 2710 1524 2745 13.
1564 2708 1687 2745 Verba
1721 2710 1769 2745 Et

121 2765 395 2802 Valdamarus
415 2796 420 2802 .
442 2795 446 2802 .
465 2767 673 2803 Suenonis
715 2779 797 2803 ηοη
837 2766 958 2804 habet
989 2767 1041 2803 M.
1122 2767 1182 2802 14.
1218 2766 1422 2802 Exulabat
1442 2798 1447 2804 .
1470 2796 1474 2801 .
1498 2766 1687 2802 Russiam
1723 2767 1768 2801 H.

125 2822 185 2857 16.
217 2822 543 2859 Clarauallensis
577 2824 623 2860 H.
699 2825 846 2871 16—p.
881 2825 986 2867 40‚2
1027 2821 1523 2871 (Multa..abundanter)
1554 2834 1632 2859 om.
1670 2823 1701 2858 H
1736 2825 1771 2858 el

119 2889 196 2924 pro
242 2879 306 2915 his
351 2880 540 2916 omnibus
586 2880 671 2916 hoec
717 2883 873 2917 lantum
921 2880 1058 2916 habet:
1106 2880 1156 2915 de
1202 2880 1323 2915 cuius
1370 2880 1451 2914 vita
1492 2883 1530 2915 et
1577 2880 1768 2915 maximis

123 2935 348 2981 miraculis,
394 2937 434 2973 in
478 2937 587 2973 libro
627 2942 791 2984 quarto,
837 2939 887 2974 de
932 2937 1144 2973 miraculis
1184 2937 1383 2972 eiusdem.
1444 2934 1597 2973 Auctor
1637 2939 1771 2971 noster

125 2991 211 3028 hoec
241 3004 399 3040 quoque
428 3004 478 3030 ex
509 2993 611 3030 libro
644 2994 834 3041 Gaufridi
863 2994 1045 3041 sumpsit,
1081 2994 1156 3030 vid.
1183 2994 1266 3029 Act.
1289 2993 1419 3029 Sanct.
1454 2993 1476 3029 l.
1505 2994 1525 3029 l.
1557 3005 1594 3039 ρ.
1622 2993 1696 3029 311
1719 2993 1768 3032 C‚·

123 3048 201 3085 313
220 3049 280 3095 D,·
311 3050 388 3087 314
407 3051 450 3087 Ε.
516 3052 577 3088 17.
609 3051 712 3088 deus
747 3052 806 3097 M,
837 3052 905 3087 sed
937 3051 1134 3087 dominus
1166 3049 1309 3086 scribd.
1343 3050 1420 3086 vid.

1802 962 1841 992 10

1801 1324 1841 1355 15

1797 2050 1839 2080 25

1797 2412 1839 2443 30
