2242 3551
424 993 465 1024 10

426 1355 466 1386 15

426 1717 468 1748 20

428 2079 470 2110 25

490 213 572 252 344
832 220 1107 249 SCRIPTORES
1140 218 1365 247 fflsTomAE
1397 217 1575 246 DANICAE
1607 217 1805 246 MlNoffl-:s

491 350 582 391 quo
629 336 864 377 collectam
913 346 1103 374 suorum
1158 332 1417 386 sequatium
1471 331 1810 371 multitudinem
1857 331 1904 371 in
1950 330 2140 371 australi

492 410 640 462 platea
679 408 735 448 ad
775 407 1022 447 cenobium
1069 409 1277 446 nostrum
1321 404 1554 455 dirigente,
1602 403 1850 443 insectatus
1897 407 1976 455 est,
2022 402 2143 443 voci·

491 481 656 532 ferans,
702 479 935 533 quatinus,
981 478 1018 518 si
1059 478 1169 531 quid
1209 476 1401 518 audacie
1438 476 1485 516 in
1525 489 1575 516 eo
1615 479 1745 525 esset,
1792 488 1898 516 cum
1937 475 2037 528 ipso
2084 476 2150 515 de*

493 551 727 605 scripturis
766 550 1002 592 conferret.
1065 550 1318 604 Respondit
1364 549 1501 589 frater
1541 548 1758 599 JacobUS,
1806 561 1852 587 se
1899 548 1943 588 id
1984 560 2140 588 coram

492 624 681 665 domino
714 623 998 664 Archielecto
1038 624 1251 676 cleroque
1296 622 1342 662 in
1385 621 1623 674 scripturis
1663 620 1906 660 exercitato
1948 620 2142 660 libenter

492 697 733 737 facturum.
769 695 980 736 Ceterum
1005 695 1105 748 ipso
1132 695 1319 748 suisque
1337 694 1576 734 molestius
1592 692 1884 743 instantibus,
1908 692 2142 745 paulisper

491 769 683 821 gradum
719 767 906 808 sistebat
931 768 1067 808 frater
1093 767 1312 818 Jacobus,
1344 766 1601 816 auditurus,
1634 764 1856 818 quidnam
1890 764 2153 817 questionis>

492 844 767 894 proponeret
803 840 1045 880 hereticus.
1110 839 1267 879 Intulit
1307 843 1461 879 autem
1502 838 1618 891 ipse:
1672 837 1817 887 »Quid
1861 840 1927 877 est
1965 836 2141 876 bonum

492 915 640 966 opus?
671 912 745 953 dic
770 911 912 952 michi
930 912 1118 966 aliquod
1137 910 1452 952 huiusmodil«
1496 910 1748 963 Respondit
1772 909 1909 949 frater
1925 908 2144 961 Jacobus,

492 985 666 1026 dicens:
704 984 940 1025 »Ieiunare
972 985 1125 1025 debito
1160 984 1299 1024 modo
1325 987 1392 1024 est
1417 996 1534 1036 opus
1559 983 1776 1023 bonum.«
1827 981 1962 1031 Quod
1990 985 2141 1021 tamen

492 1057 691 1098 heretico
723 1070 817 1097 non
849 1057 1035 1110 placuit,
1066 1057 1170 1097 licet
1202 1056 1247 1097 id
1273 1069 1327 1096 ex
1351 1059 1476 1096 sexto
1497 1054 1668 1095 Mathei
1693 1054 1839 1107 capite
1865 1053 2151 1094 sufficienter>

492 1130 742 1183 probasset.
791 1129 1092 1170 Recesserunt
1123 1129 1351 1169 hereticus
1384 1128 1546 1181 suique
1578 1139 1810 1181 sequaces.
1861 1126 1953 1166 Illis
1981 1125 2153 1166 diebus

494 1214 672 1255 semper
714 1201 926 1242 concioni
966 1202 1159 1242 fratrum
1203 1201 1448 1253 affuerunt,
1494 1213 1610 1254 quos
1652 1200 1964 1251 obseruantes,
2012 1202 2058 1239 vt
2096 1197 2143 1237 in

494 1287 705 1315 sermone
737 1286 813 1314 eos
847 1278 1073 1327 caperent.
1134 1273 1346 1314 Ceterum
1379 1286 1484 1313 cum
1518 1273 1669 1313 nullas
1701 1272 1844 1312 iustas
1876 1275 1918 1312 et
1948 1270 2151 1311 rationa-

493 1348 607 1388 biles
659 1359 823 1387 causas
877 1359 957 1386 ora
1011 1346 1205 1386 fratrum
1256 1345 1503 1386 obturandi
1549 1345 1597 1385 in
1644 1343 1937 1384 sermonibus
1984 1355 2143 1383 eorum

492 1419 796 1469 inuenissent,
857 1419 1107 1459 nonnullas
1160 1419 1231 1459 vel
1289 1417 1509 1458 confictas
1562 1417 1633 1458 vel
1694 1416 1875 1457 sinistre
1935 1419 2156 1467 acceptas*

493 1493 676 1533 tandem
725 1491 1111 1544 conscripserunt,
1158 1490 1328 1545 quibus
1374 1491 1499 1543 ipsos
1545 1490 1706 1530 fratres
1752 1489 2030 1529 infamarent
2074 1487 2146 1527 vel

493 1566 655 1617 vulgus
695 1561 706 1617 Η
743 1568 901 1604 contra
947 1576 1024 1604 eos
1071 1564 1365 1604 concitarent.
1429 1563 1578 1603 Semel
1617 1562 1739 1603 enim
1779 1561 1945 1602 iterum
1985 1563 2146 1600 contra

495 1637 749 1691 predictum
783 1636 970 1676 fratrem
994 1636 1224 1677 Jacobum
1257 1635 1665 1687 viceguardianum
1698 1633 1912 1674 nonnulli
1944 1644 2145 1685 nequam

495 1710 653 1751 rabule
693 1709 944 1749 tumultum
985 1709 1219 1762 quendam
1259 1708 1306 1748 in
1346 1721 1475 1748 sacra
1521 1709 1602 1748 ede
1646 1710 1802 1747 nostra
1841 1706 2058 1756 fecerunt,
2104 1707 2147 1744 et

496 1782 635 1823 semel
668 1785 825 1822 contra
859 1772 1043 1821 fratrem
1079 1781 1337 1822 Gabrielem
1370 1781 1691 1832 guardianum.
1756 1779 1812 1819 Et
1851 1778 1991 1818 semel
2030 1778 2145 1817 hora

496 1855 643 1908 prima
677 1853 1039 1907 postmeridiana
1071 1853 1168 1906 ipse
1192 1853 1448 1894 antedictus
1467 1852 1686 1893 Nicolaus
1705 1852 1880 1892 Becker
1904 1849 2156 1899 hereticus,

495 1927 618 1969 vrbis
652 1927 878 1977 seductor,
924 1925 1125 1967 sentiens
1157 1925 1372 1979 precipue
1404 1925 1590 1965 fratrem
1624 1924 1852 1965 Jacobum
1887 1927 1929 1964 et
1960 1923 2145 1962 fratrem

497 2000 883 2052 Christophorum
917 1999 1088 2039 Mathie
1126 1999 1301 2049 abesse,
1348 1997 1537 2038 intrauit
1576 2010 1755 2038 sacram
1796 1997 1927 2037 edem
1967 1993 2146 2035 cenobii

497 2072 654 2123 nostri,
686 2071 779 2111 illic
811 2071 1191 2121 concionaturus3
1223 2070 1300 2111 vbi
1323 2071 1427 2123 plus
1453 2082 1594 2123 quam
1618 2069 1781 2110 canine
1804 2071 1963 2109 contra
1986 2067 2147 2107 fratres

496 2143 939 2184 inuerecundissime
968 2143 1094 2183 illoto
1119 2143 1235 2184 rictu
1261 2142 1458 2183 latrauit.
1505 2142 1769 2182 Adueniens
1795 2140 1931 2181 frater
1950 2139 2159 2181 Christo-⁷-

497 2217 672 2269 phorus
711 2216 765 2256 de
804 2215 1027 2267 terminis,
1074 2215 1204 2255 finito
1243 2215 1431 2256 heretici
1472 2227 1697 2266 sermone,
1744 2212 1949 2254 ascendit
1991 2222 2153 2263 sugge-

498 2292 633 2339 stum,
666 2288 906 2328 declarans
938 2301 1018 2340 per
1050 2300 1201 2328 sacras
1234 2287 1404 2327 litteras
1436 2287 1596 2327 fratres
1628 2299 1817 2339 prorsus
1843 2283 2149 2337 inculpabiles

497 2360 544 2400 in
577 2360 741 2412 causiS,
774 2360 944 2414 quibus
976 2373 1054 2401 eos
1085 2372 1187 2400 reos
1220 2360 1449 2412 probarat.
1502 2359 1605 2408 Quo
1638 2359 1956 2409 descendente,
1987 2356 2147 2396 iterato

588 2509 605 2543 1
638 2518 693 2553 sq.
725 2507 981 2543 scribendum
1013 2507 1102 2543 sine
1132 2506 1254 2543 dnbio
1286 2509 1362 2543 est:
1396 2506 1570 2542 collecta
1596 2517 1625 2542 s.
1658 2517 1688 2541 s.
1722 2505 2002 2549 multitudine,
2032 2514 2156 2540 accu-·

498 2564 629 2600 satiuo
665 2575 743 2610 pro
775 2564 956 2600 ablatiuo
987 2564 1173 2610 reposito,
1220 2575 1319 2599 nam
1352 2564 1547 2599 obiectum
1581 2563 1786 2608 dirigente
1813 2562 2014 2608 postulat;
2055 2571 2148 2606 pro-

498 2632 648 2657 nomen
682 2632 773 2657 vero
805 2633 889 2668 quo
922 2621 1169 2657 mutandum
1203 2632 1286 2657 non
1318 2624 1384 2665 est,
1431 2621 1503 2656 etsi
1534 2621 1588 2656 ad
1620 2620 1829 2665 vulyarem
1860 2618 2159 2665 yrammatices·

444 2702 450 2705 -
500 2689 691 2714 normam
729 2679 903 2725 scriptor
942 2679 1086 2714 rectius
1126 2679 1219 2725 ipso
1262 2678 1300 2722 (i.
1332 2689 1360 2714 e.
1399 2678 1586 2721 VrnarIO)
1617 2677 1746 2713 dicere
1777 2675 1931 2720 debuit,·
1978 2676 2047 2712 sed
2076 2673 2147 2720 cfr.

502 2735 552 2771 13
583 2746 690 2781 quos
720 2737 810 2781 (pro
843 2733 985 2784 ipsos).
1077 2735 1321 2782 sequacium
1356 2735 1500 2770 melius
1532 2734 1615 2771 BC.
1694 2734 1729 2770 3.
1764 2744 1813 2769 eo
1845 2733 2005 2779 scripsi3
2051 2733 2150 2779 ipu3

501 2794 564 2836 (z
579 2793 734 2838 ipsum)
752 2793 816 2836 W,
838 2794 907 2829 sed
928 2793 1067 2828 eadem
1090 2803 1217 2828 manu
1243 2792 1283 2828 in
1311 2798 1360 2828 eu
1385 2793 1627 2836 correctum,
1659 2802 1754 2827 eum
1774 2790 1857 2826 BC.
1915 2790 1975 2827 11.
1994 2788 2147 2825 Mathei

500 2859 586 2894 cap.
620 2849 654 2892 6,
676 2850 765 2885 16-
789 2850 848 2885 18.
926 2850 1102 2885 13—14.
1141 2853 1206 2885 vt.
1228 2852 1466 2895 .caperent:
1516 2847 1653 2884 Matth.
1686 2848 1830 2892 2215.
1910 2847 1972 2883 18.
2016 2846 2148 2892 ngus

501 2905 691 2941 scribitur
720 2906 759 2941 in
793 2907 857 2951 W,
905 2909 948 2942 ut
976 2907 1084 2943 solet.
1146 2906 1242 2942 Post
1277 2905 1425 2951 vulgus
1467 2906 1507 2941 in
1549 2916 1679 2952 marg.
1710 2904 1743 2941 C
1781 2905 1919 2940 Arnas
1958 2904 2147 2939 adnotat:

503 2962 596 2998 heic
627 2973 756 2998 unum
790 2963 937 2999 folium
970 2963 1080 2999 libro
1114 2974 1226 2999 nunc
1258 2964 1385 3007 deest,
1420 2962 1534 3009 quod
1567 2962 1665 2997 olim
1699 2961 1833 2997 adfuit
1865 2960 2027 3005 (scilicet
2055 2969 2152 2995 cum

503 3019 536 3053 B
581 3018 793 3064 scriberet).
874 3021 938 3057 27.
986 3021 1155 3057 termini
1202 3021 1469 3065 (»Termen«)
1515 3021 1611 3054 sunt
1650 3018 1752 3065 payi
1798 3018 1857 3053 vel
1903 3017 1990 3063 vici,
2040 3018 2155 3053 intra·-

501 3085 676 3121 quorum
705 3076 807 3121 fines
836 3075 1033 3122 fratribus
1065 3078 1318 3124 elemosynas
1348 3087 1565 3122 corroyare
1595 3075 1745 3112 licebat.
