2242 3551
406 1157 448 1187 10

407 1521 447 1552 15

289 1594 362 1627 Fol.
380 1590 447 1626 14Γ.

405 1887 448 1916 20

406 2250 449 2280 25

407 2615 450 2645 30

478 167 557 206 178
820 180 1097 209 SCRIPTORES
1130 180 1358 210 HISTORIAE
1391 181 1568 209 DANICAE
1601 180 1799 210 MINORES

475 294 720 335 hominum
754 295 887 336 liceat
918 296 1040 336 hanc
1072 295 1287 348 paginam
1319 299 1473 336 nostre
1497 295 1865 336 confirmationis
1889 295 2135 349 infringere

476 367 549 408 uel
597 366 637 408 ei
684 367 976 422 aliquatenus
1020 368 1258 409 contraire.
1329 368 1481 422 Siquis
1527 371 1681 409 autem
1730 369 1819 409 hoc
1866 372 2136 423 attemptare

476 441 826 494 presumpserit,
882 441 1247 493 indignationem
1302 440 1633 495 omnipotentis
1685 441 1757 481 dei
1805 445 1846 481 et
1893 442 2134 483 beatorum

477 513 596 553 Petri
629 517 670 553 et
704 513 831 567 Paulj
869 514 1186 568 apostolorum
1221 514 1317 555 eius
1351 527 1397 555 se
1430 514 1611 555 nouerit
1642 514 1979 555 incursurum.«

1177 675 1275 722 Cap.
1308 675 1431 712 XXII.

649 756 707 791 De
741 756 936 792 Suenone
968 756 1171 803 episcopo
1203 755 1429 792 fundatore
1461 755 1645 791 maximo
1678 758 1717 791 et
1749 755 1800 791 de
1832 755 1967 800 bonis,

1043 836 1125 872 que
1157 825 1338 861 contulit
1369 825 1565 861 claustro.

570 896 740 974 Nunc
772 932 827 971 de
860 930 1064 971 maximo
1098 929 1355 980 fundatore,
1391 930 1604 971 Suenone
1636 930 1868 984 episcopo,
1902 942 2049 984 pauca
2079 931 2135 971 de

474 1005 632 1046 multis
671 1004 866 1045 dicenda
907 1007 1025 1044 sunt.
1091 1003 1190 1056 Hic,
1237 1003 1285 1043 in
1322 1003 1485 1057 primis
1525 1002 1830 1044 ordinationis
1877 1016 1956 1044 sue
2000 1003 2134 1044 annis

475 1078 741 1118 infirmitate
783 1081 1034 1130 correptus,
1082 1090 1105 1117 a
1147 1076 1311 1117 timore
1353 1076 1529 1117 domini
1575 1076 1784 1130 concepit
1817 1080 1858 1117 et
1890 1076 2134 1130 parturiuit

475 1151 688 1205 spiritum
723 1150 897 1202 salutis,
929 1149 1170 1203 postulans
1202 1149 1308 1191 totis
1334 1149 1576 1190 affectibus
1602 1149 1766 1202 cordis,
1800 1153 1850 1189 ut
1875 1149 2135 1190 monachus

475 1224 613 1265 fieret.
678 1224 812 1275 Quod
863 1222 1067 1276 profecto
1115 1235 1251 1276 opere
1298 1222 1608 1276 adimplesset,
1656 1221 1693 1262 si
1740 1222 1943 1263 domnus
1989 1222 2134 1263 abbas

475 1311 567 1338 non
594 1296 857 1348 obstitisset,
890 1296 1131 1336 affirmans
1156 1295 1345 1336 maioris
1375 1308 1472 1336 esse
1505 1294 1653 1336 meriti
1687 1296 1744 1336 ad
1777 1295 2132 1349 promerendam

475 1375 625 1412 eterne
657 1369 885 1411 felicitatis
930 1369 1137 1421 gloriam,
1185 1369 1222 1409 si
1262 1381 1309 1409 se
1349 1372 1602 1422 opponeret
1640 1381 1827 1409 murum
1871 1381 1954 1422 pro
1994 1369 2134 1409 domo

475 1443 653 1485 domini
700 1447 859 1484 contra
908 1442 1261 1494 malignantium
1306 1441 1595 1482 incursiones
1643 1445 1685 1482 et
1731 1454 1891 1482 seruos
1933 1442 2005 1482 dei
2048 1440 2134 1481 sub

475 1516 559 1557 alis
592 1529 673 1557 sue
705 1515 986 1556 defensionis
1020 1519 1273 1568 protegeret
1305 1519 1442 1568 atque
1475 1514 1665 1567 foueret,
1707 1518 1756 1555 ut
1795 1527 1848 1555 ex
1880 1515 1970 1555 hoc
2002 1513 2132 1554 multi

476 1594 662 1644 possent
693 1589 739 1629 in
773 1588 898 1642 pacis
931 1587 1261 1642 tranquillitate
1294 1588 1504 1628 uiuentes
1537 1588 1622 1628 deo
1655 1587 1828 1628 seruire
1856 1584 1868 1642 Η
1892 1591 1935 1628 et
1967 1600 2048 1641 pro
2081 1599 2134 1628 eo

475 1663 709 1717 copiosius
742 1675 886 1713 orare,
922 1674 1061 1714 quam
1096 1661 1133 1701 si
1165 1661 1262 1714 ipse
1295 1661 1422 1702 solus
1454 1661 1499 1701 in
1532 1665 1646 1701 terra
1679 1660 1937 1701 claustralis
1969 1659 2134 1714 quietis

475 1736 680 1777 residens
706 1735 987 1776 dominicam
1016 1734 1282 1775 nauiculam
1314 1733 1497 1774 absciso
1530 1733 1638 1774 fune
1663 1734 1779 1774 inter
1803 1733 1971 1775 fluctus
1993 1732 2134 1774 huius

475 1809 617 1850 seculi
655 1808 1059 1862 conquassandam
1101 1806 1379 1860 relinqueret
1409 1808 1467 1847 ad
1500 1807 1752 1848 multorum
1787 1806 2059 1847 scandalum
2092 1809 2134 1846 et

476 1881 881 1935 perturbationem.
947 1880 1253 1934 Acquiescens
1292 1879 1363 1920 uir
1405 1879 1589 1933 sapiens
1633 1892 1824 1933 corpore
1871 1879 2041 1920 mansit
2086 1879 2132 1919 in

476 1955 644 2006 seculo,
677 1955 813 1995 corde
847 1966 957 1995 uero
991 1957 1032 1993 et
1064 1953 1302 1994 uoluntate
1328 1953 1375 1992 in
1404 1953 1619 2005 claustro,
1652 1953 1742 1994 hoc
1766 1965 1859 1993 non
1886 1952 2132 1993 ostendens

475 2032 653 2068 tantum
687 2028 829 2068 uerbo
863 2028 940 2067 sed
974 2039 1111 2079 opere
1144 2030 1185 2066 et
1217 2025 1406 2066 ueritate
1438 2025 1486 2066 in
1520 2025 1803 2067 liberalitatis
1837 2024 2131 2076 exhibitione,

476 2101 536 2141 ita
569 2105 630 2153 ut,
677 2100 897 2155 quicquid
932 2099 1080 2153 potuit
1108 2100 1218 2150 (non
1251 2098 1375 2139 dico:
1425 2098 1592 2148 uoluit,
1637 2102 1783 2139 totum
1825 2097 1948 2139 enim
1981 2097 2131 2149 uellet,

476 2174 511 2214 si
545 2173 764 2227 possibile
797 2174 942 2225 esset),
975 2172 1199 2213 conferret
1231 2171 1532 2223 monasterio;
1573 2185 1657 2213 nec
1689 2171 1775 2212 sibi
1808 2183 1893 2212 nec
1924 2169 2131 2224 pecunijs

477 2259 683 2300 unquam
717 2246 931 2300 pepercit,
974 2250 1023 2286 ut
1062 2244 1222 2285 fratres
1254 2244 1490 2295 haberent,
1528 2245 1650 2285 unde
1683 2245 1781 2285 sine
1813 2242 2131 2284 sollicitudinis

476 2319 702 2360 anxietate
741 2319 892 2373 quiete
931 2319 1017 2359 deo
1057 2317 1294 2369 seruirent,
1342 2330 1523 2371 semper
1561 2318 1738 2358 habens
1777 2316 1823 2357 in
1864 2316 2035 2367 animo,
2084 2318 2131 2355 ut

477 2393 736 2432 monachus
768 2392 895 2433 fieret
927 2395 1031 2431 ante
1064 2394 1258 2430 mortem
1292 2403 1438 2430 suam.
1487 2390 1543 2431 Vt
1574 2394 1728 2431 autem
1755 2389 1844 2430 alia
1869 2389 2130 2429 innumera-

477 2465 585 2505 bilia
627 2464 865 2517 beneficia,
913 2464 1081 2517 quibus
1124 2463 1316 2503 fratrum
1356 2462 1706 2503 necessitatibus
1744 2462 1909 2503 cotidie
1949 2473 2130 2502 succur-

476 2538 618 2590 rebat,
651 2538 737 2577 sub
770 2536 950 2577 silentio
984 2538 1215 2586 maneant,
1247 2535 1324 2575 illa
1352 2534 1509 2588 predia
1535 2535 1581 2575 in
1602 2535 1776 2585 Divrse,
1809 2548 1898 2588 que
1929 2535 2129 2575 claustro

477 2610 682 2662 contulit,
715 2610 882 2650 noticie
914 2609 1174 2649 futurorum
1201 2608 1438 2648 insinuare
1463 2620 1701 2658 curamus;
1735 2620 1823 2661 que
1847 2611 1888 2647 et
1915 2607 1959 2647 in
1988 2620 2128 2647 manu

477 2683 656 2723 abbatis
704 2683 850 2723 multo
896 2686 1103 2735 tempore
1149 2684 1253 2721 ante
1300 2685 1495 2721 mortem
1550 2693 1682 2720 suam
1729 2679 1916 2720 tradidit
1963 2682 2005 2719 et
2050 2690 2130 2732 per

477 2767 727 2795 conuersos
764 2754 1010 2804 ordinauit,
1057 2757 1192 2807 atque
1232 2757 1506 2794 testamento
1539 2765 1622 2793 suo
1655 2756 1697 2793 et
1729 2752 1905 2793 domini
1940 2750 2055 2803 regis
2087 2753 2129 2790 et

655 2871 706 2888 cur

564 2905 598 2939 4.
630 2904 834 2948 in,surum
869 2914 970 2940 corr.
1013 2913 1065 2938 m.
1100 2903 1118 2937 1
1154 2901 1199 2938 C.
1261 2902 1411 2937 9-10,
1445 2899 1867 2948 concepit..salutis,
1904 2899 1977 2946 cfr.
2011 2898 2128 2934 Isaioe

477 2971 506 2996 e.
553 2960 616 3005 26,
652 2960 710 2995 18.
821 2960 995 2996 13-14.
1043 2970 1086 2994 se
1133 2969 1351 3005 opponere
1398 2969 1566 2994 murum
1614 2968 1692 3004 pro
1740 2958 1866 2993 domo
1913 2956 2125 3000 (domini):

478 3017 658 3053 Ezechiel
678 3017 739 3059 13,
761 3018 794 3053 5.
860 3018 919 3052 17.
954 3018 995 3052 in
1025 3019 1087 3052 tra
1117 3016 1151 3052 C
1181 3016 1253 3064 (sic
1274 3014 1497 3063 scriptum),
1528 3025 1605 3061 pro
1630 3025 1709 3061 quo
1734 3016 1775 3050 in
1802 3010 1886 3050 t‘sra
1917 3013 1974 3061 (in
2000 3011 2126 3060 terra)

478 3075 756 3121 reponendum
791 3077 863 3120 esst
912 3076 1019 3110 intra
1053 3074 1160 3109 male
1190 3072 1417 3119 Lunyebelc,
1462 3074 1554 3119 post
1590 3072 1743 3118 quietis
1777 3081 1909 3107 vocem
1943 3071 2124 3116 aliquam

478 3132 671 3167 excidisse
703 3134 826 3170 ratus.
891 3132 955 3167 24.
988 3131 1182 3166 conferre
1214 3130 1259 3166 C.
1322 3131 1385 3166 25.
1418 3129 1674 3166 sollitudinis
1700 3128 1743 3165 C.
