2242 3551
291 231 463 261 PETRvs
495 230 620 259 OLAI:
655 229 713 258 DE
746 229 918 258 ORDINE
951 229 1164 259 FRATRVM
1197 229 1406 259 MINORVM
1592 219 1674 259 303

33 355 109 395 her
139 362 212 392 vm
245 347 400 388 haffue
431 344 503 399 wij
540 345 661 385 ladet
693 357 776 384 vor
806 344 1040 384 Secretum
1073 345 1242 396 henges
1275 345 1345 385 for
1375 345 1514 385 thette
1548 345 1673 385 breff.

33 427 190 467 Datum
225 421 270 460 in
305 419 463 460 Castro
498 421 653 458 nostro
683 417 872 470 Nyburg
900 417 1033 458 Anno
1066 415 1142 471 dfij
1178 429 1437 458 M.ccce.XIX.
1472 418 1570 471 ipso
1604 418 1675 458 die

33 491 487 539 Commemorationis
520 490 824 530 animaruum«

110 570 299 621 (fol.108f).
356 563 681 605 M.CCCC.XX.
730 562 852 603 idem
901 576 978 603 rex
1025 563 1150 603 dedit
1190 563 1407 603 fratribus
1451 563 1674 616 capellam

31 645 177 684 sancte
195 640 321 679 Anne
352 640 475 677 extra
509 636 700 689 opidum
730 636 1066 688 Helsingore
1097 648 1204 676 cum
1238 636 1382 676 fundo
1416 640 1457 676 et
1491 649 1676 676 nemore
1704 663 1710 671 .

30 727 107 770 pro
143 709 419 753 fundacione
459 713 730 750 conuentus.
794 708 999 750 Ecclesia
1038 713 1303 749 consecrata
1346 709 1429 749 fuit
1464 710 1569 749 1427
1605 708 1676 748 die

30 784 243 838 Vincentij
278 782 493 836 martyris
523 795 603 835 per
629 781 918 834 Seuerinum,
952 781 1223 835 episcopum
1243 782 1674 835 Tranquilliensem.

29 862 154 901 Anno
185 855 361 898 domini
395 856 504 896 1528
536 854 649 896 obiit
676 855 917 895 Johannes
936 854 1069 907 Petri,
1103 858 1374 907 procurator
1406 859 1675 902 conuentus,

30 931 153 974 cuius
184 930 337 970 labore
371 932 413 969 et
440 927 740 981 prouidencia
766 928 895 968 locus
921 941 1003 981 pro
1029 927 1193 968 maiori
1220 932 1347 981 parte
1372 932 1674 974 constructus,

29 1008 183 1046 auctus
216 1006 256 1043 et
287 1005 525 1055 reparatus
558 1005 637 1053 est,
670 1000 848 1041 habens
881 1013 1038 1041 secum
1072 1000 1250 1041 socium
1286 1004 1327 1040 et
1357 1013 1677 1053 comprocura-

29 1081 167 1118 torem
198 1088 290 1116 non
322 1074 516 1115 minoris
545 1073 694 1115 meriti
714 1073 862 1115 Claws
883 1073 1119 1114 Braedicke
1152 1077 1194 1114 et
1226 1073 1411 1113 fratrem
1432 1073 1673 1113 Nicolaum

26 1148 214 1191 Jordani
245 1146 566 1200 guardianum.

111 1220 554 1262 M.CCCC.LXXXV.
612 1220 830 1261 dominus
876 1221 1117 1261 Johannes
1164 1232 1242 1260 rex
1288 1219 1413 1259 dedit
1459 1219 1676 1259 fratribus

29 1295 174 1336 locum
209 1293 402 1345 Regis,
447 1293 523 1347 qui
559 1293 797 1334 dicebatur
832 1293 1233 1345 Konningsgardh‚
1283 1292 1676 1333 consentientibus

30 1366 293 1420 consiliarijs
339 1366 487 1418 regni;
543 1369 585 1406 et
636 1365 683 1406 in
736 1366 850 1407 festo
897 1365 1249 1419 Assumpcionis
1306 1366 1435 1405 beate
1480 1365 1677 1416 Virginis

12 1440 367 1481 -celebrauerunt
399 1439 550 1493 primo
583 1439 743 1480 diuina
776 1439 963 1480 ibidem.
1027 1439 1204 1479 Eodem
1237 1451 1375 1490 anno,
1418 1438 1490 1478 die
1532 1438 1676 1478 sancti

31 1512 247 1553 Ludouici
291 1512 508 1566 episcopi,
557 1512 776 1553 dominus
817 1512 996 1553 Olauus
1038 1511 1239 1564 Martini,
1286 1511 1531 1564 episcopus
1571 1511 1674 1551 Ros-

30 1585 262 1637 kildensis,
313 1585 603 1626 consecrauit
649 1585 940 1626 cimiterium.
1020 1585 1249 1626 Dominus
1295 1585 1502 1625 Andreas
1550 1584 1676 1632 Mws,

31 1658 264 1711 episcopus
309 1658 565 1711 Asloensis,
620 1659 676 1699 de
729 1671 958 1699 consensu
1014 1658 1266 1710 Johannis‚
1322 1657 1525 1710 episcopi
1574 1657 1676 1696 Ros-

7 1730 255 1792 *kildensis,
287 1731 576 1772 consecrauit
608 1731 849 1772 ecclesiam
884 1744 938 1772 ac
969 1731 1247 1772 cimiterium
1283 1743 1388 1771 cum
1423 1730 1601 1770 ambitu
1631 1729 1675 1769 in
1704 1738 1710 1748 ⁴

31 1803 246 1844 honorem
284 1805 414 1845 beate
445 1804 646 1857 Virginis
685 1806 740 1845 de
775 1804 1110 1845 Consolacione
1146 1805 1268 1844 1509.
1332 1804 1481 1854 Quem
1523 1803 1675 1842 locum

31 1876 210 1917 domina
244 1877 476 1918 Dorothea
515 1877 671 1930 regina
712 1891 794 1931 pro
827 1889 995 1929 magna
1028 1881 1155 1931 parte
1189 1875 1444 1917 construxit
1475 1879 1517 1915 et
1549 1888 1679 1915 orna-

32 1949 188 1989 mentis
219 1950 407 1991 dotauit.

113 2022 651 2065 M.CCCC.LXXXXIIII.
700 2024 892 2064 fundata
935 2027 999 2064 est
1038 2025 1206 2064 domus
1246 2036 1328 2076 pro
1371 2021 1586 2061 fratribus
1626 2021 1677 2061 in

33 2094 189 2147 opido
231 2096 676 2145 Halmstadensi3
724 2101 765 2138 et
806 2097 851 2137 in
891 2097 964 2137 die
1006 2096 1325 2137 conuersionis
1364 2095 1507 2135 sancti
1548 2094 1712 2134 Pauli‘

32 2166 175 2219 primo
207 2169 377 2209 ibidem
411 2170 692 2210 celebratum
726 2174 802 2210 est.

115 2240 284 2281 Eodem
318 2255 440 2283 anno
473 2247 575 2296 post
608 2243 724 2283 duos
758 2256 939 2283 menses
967 2243 1157 2283 fundata
1183 2246 1248 2283 est
1273 2243 1440 2282 domus
1461 2241 1676 2281 stem

35 2324 111 2363 pro
142 2313 370 2367 fratribus,
411 2316 621 2356 videlicet
654 2315 847 2356 sabbato
880 2320 983 2369 post
1014 2316 1181 2356 festum
1217 2314 1417 2366 Gregorij
1454 2326 1590 2366 pape;
1638 2317 1677 2352 et

36 2383 129 2436 ipso
161 2386 231 2426 die
265 2388 500 2428 Gertrudis
533 2388 683 2441 primo
718 2388 944 2429 celebrata
979 2393 1085 2429 sunt
1118 2388 1276 2428 diuina
1311 2387 1494 2427 ibidem.

117 2457 316 2500 Domus
336 2460 713 2501 Clarissarum
738 2461 958 2501 Haffnie
983 2462 1173 2501 fundata
1200 2460 1285 2500 fuit
1306 2460 1410 2499 1497
1437 2472 1460 2499 a
1488 2458 1676 2498 domino

35 2528 238 2572 Johanne
282 2546 383 2585 rege
423 2538 465 2574 et
506 2546 643 2575 vxore
685 2534 782 2574 eius
820 2534 1010 2574 domina
1045 2533 1288 2575 Christina.
1352 2533 1484 2571 Anno
1524 2535 1676 2570 autem

117 2690 233 2727 6—7.
266 2693 332 2728 die
364 2693 476 2730 Vinc.
512 2697 630 2730 mart.
655 2709 698 2724 z
722 2694 787 2730 22).
820 2694 1027 2740 Januarij.
1098 2695 1131 2729 7.
1166 2694 1291 2739 episc.
1324 2690 1678 2736 Tranquilliensis

37 2744 241 2793 significat,
290 2753 333 2786 ut
377 2752 535 2797 opinor,
584 2751 815 2797 episcopum
865 2754 1022 2787 tantum
1065 2750 1328 2791 nominulem,
1377 2748 1448 2794 qui
1493 2748 1676 2782 nondum

36 2805 177 2839 certam
209 2806 383 2843 diocesin
416 2810 569 2854 accepit
598 2809 832 2854 reyendam.
896 2810 958 2845 15.
993 2809 1080 2845 fest.
1114 2820 1192 2844 ass.
1226 2808 1261 2843 b.
1296 2804 1677 2850 V.=15.Auyusti.

43 2859 205 2898 16—17.
239 2864 326 2900 dies
361 2877 390 2901 s.
424 2866 524 2901 Lud.
558 2877 619 2913 ep.
644 2882 687 2896 Ξ
713 2866 771 2902 19.
805 2866 986 2912 Augusti.
1065 2867 1128 2902 24.
1168 2875 1293 2910 supra
1327 2863 1428 2898 anni
1460 2872 1677 2898 numerum

40 2915 221 2955 Latinum
258 2922 363 2958 1494
404 2923 599 2969 scriptum
641 2926 705 2959 est.
784 2925 848 2960 25.
884 2924 920 2960 (1.
956 2934 1149 2959 conuers.
1184 2934 1212 2957 S.
1248 2922 1286 2956 P.
1312 2935 1354 2950 z
1378 2920 1438 2955 95.
1471 2919 1677 2964 Januarij.

39 2972 96 3009 26.
129 2981 187 3012 est
219 2988 296 3015 om.
332 2980 373 3016 L.
435 2981 498 3017 28.
531 2981 707 3016 sabbato
740 2984 828 3024 etc,
862 2982 883 3016 i.
916 2992 944 3017 e.
979 2982 1037 3017 15.
1070 2980 1133 3015 die
1165 2978 1323 3020 Μανίίὶς
1362 2977 1427 3012 die
1460 2977 1678 3012 Gertrudis

38 3032 91 3066 est
122 3032 177 3070 17.
208 3034 271 3070 die
305 3035 454 3083 Martij.

1707 1009 1746 1038 10

1707 1372 1746 1402 15

1705 2465 1746 2495 30
