2242 3551
238 624 298 654 fol.
312 621 385 654 52‘2

481 203 567 241 414
827 209 1102 239 SCRIPTORES
1136 207 1362 236 HisTofflAE
1396 207 1572 234 DANicAE
1606 207 1805 236 MINORES

483 327 556 367 cui
589 338 682 365 non
717 336 909 364 munera
942 324 1069 363 daret
1101 326 1143 362 et
1175 322 1329 362 dulcia
1361 321 1519 361 oscula
1553 321 1792 373 infigeret?
1854 322 2029 362 Deinde
2062 323 2139 362 ad-

484 402 589 438 sunt
636 408 881 449 pauperes:
943 398 1248 435 munerantur
1294 394 1431 434 etiam
1479 393 1566 446 ipsi
1616 393 1825 446 protinus
1872 394 2137 446 singulatim

483 482 655 511 omnes.
722 469 816 518 Hec
854 472 894 507 et
937 467 1025 507 alia
1066 466 1137 507 his
1177 466 1524 507 mirificentiora
1564 479 1586 506 a
1630 467 1804 507 domno
1848 466 2137 507 CNVTONE

482 546 604 594 gesta
640 541 736 581 uidi
769 551 863 591 ego„
913 543 1062 580 uester
1102 539 1310 592 uernula,
1357 543 1513 579 sancte
1546 539 1900 584 AUDOMARE.
1944 542 2099 579 sancte
2128 536 2140 591 {l

438 626 455 652 5
487 613 764 663 BERTINE,
806 625 913 652 cum
947 612 1107 652 flerent
1140 612 1305 652 uestris
1337 611 1381 651 in
1417 611 1645 661 cenobiisg
1687 624 1769 664 pro
1802 611 1971 665 quibus
2004 610 2138 651 bonis

415 988 453 1015 {U

310 2359 372 2389 fol.
387 2356 456 2389 5:3‘2

418 2434 459 2461 3(ὶ

484 691 659 726 tantum
701 697 850 737 regem
895 686 1135 740 impetrate
1175 685 1333 724 uiuere
1374 684 1418 724 in
1460 683 1705 734 celestibus
1751 683 2043 735 habitaculis,
2092 687 2140 723 ut

483 759 620 798 uestri
668 757 828 798 famuli
877 757 1088 798 canonici
1128 761 1170 797 et
1214 757 1431 797 monachi
1475 761 1579 796 sunt
1621 761 1803 796 orantes
1852 756 2139 796 orationibus

482 830 737 871 cotidianis.

567 905 631 943 22.
698 903 886 943 Discant
920 903 1055 955 igitur
1088 915 1213 955 reges
1246 907 1287 943 et
1320 902 1551 955 principes
1584 902 1722 941 huius
1756 902 1934 942 domini
1967 902 2137 942 imitari

481 977 707 1027 acciones,
755 976 848 1029 qui,
896 980 944 1015 ut
986 976 1157 1015 ualeret
1196 976 1417 1015 scandere
1457 974 1689 1025 sublimia,
1738 987 1835 1015 sese
1868 974 2137 1015 humiliauit

482 1050 525 1089 in
559 1049 720 1089 infima
755 1053 809 1099 et,
858 1053 904 1088 ut
948 1051 1099 1101 posset
1138 1046 1332 1100 adipisci
1365 1047 1562 1097 celestia,
1611 1047 1816 1087 hilariter
1849 1047 2040 1098 largitus
2076 1050 2143 1087 est

481 1121 729 1163 terrestria!
780 1122 880 1161 Non
909 1121 1030 1161 enim
1058 1119 1204 1160 fuerat
1227 1119 1397 1159 oblitus
1422 1120 1605 1172 proprie
1628 1119 1908 1160 conditionis
1932 1105 2139 1169 modum,

481 1196 605 1249 quod
639 1194 890 1234 moriturus
924 1197 1019 1233 erat
1051 1193 1098 1232 in
1132 1192 1308 1232 mundo
1341 1196 1383 1232 et
1423 1192 1680 1243 relicturus,
1727 1205 1907 1246 queque
1949 1196 2143 1245 possunt

481 1266 746 1320 concupisci
780 1267 826 1306 in
861 1266 1038 1309 secum.
1072 1269 1113 1305 et
1146 1265 1205 1305 ob
1238 1265 1328 1305 hoc
1360 1264 1569 1314 diuicias,
1604 1278 1718 1318 quas
1748 1277 1902 1305 secum
1933 1265 2144 1319 nequiuit

482 1339 684 1380 moriens
724 1339 915 1383 auferre.
964 1338 1130 1378 uiuens
1168 1338 1253 1378 deo
1295 1341 1337 1377 et
1369 1337 1538 1378 sanctis
1572 1338 1668 1378 eius
1702 1337 1815 1378 locis
1848 1338 2040 1390 partitus
2076 1341 2140 1377 est

483 1412 758 1462 honorifice,
808 1424 862 1451 ne
908 1411 1040 1459 forte,
1089 1410 1126 1450 si
1173 1410 1373 1460 auaricie
1421 1411 1639 1461 studeret,
1693 1410 1910 1450 omnibus
1960 1410 2140 1450 inuisus

450 1519 454 1523 .
484 1485 672 1525 uiueret.
716 1484 963 1536 nullusque
997 1487 1126 1534 esset,
1158 1480 1169 1535 ,j
1200 1483 1275 1536 qui
1311 1482 1409 1522 eius
1442 1483 1594 1532 anime
1628 1482 1800 1536 aliquid
1836 1483 1945 1523 boni
1980 1486 2145 1531 oraret,

485 1562 524 1598 et
557 1557 673 1597 alius
708 1557 746 1597 ei
780 1557 1058 1606 succederet,
1106 1555 1184 1608 qui
1227 1555 1272 1595 in
1314 1555 1413 1595 eius
1448 1568 1586 1607 regno
1620 1556 1772 1607 largus
1806 1555 1981 1595 uiueret
2016 1559 2057 1594 et
2088 1555 2143 1594 de

485 1631 581 1670 eius
615 1630 833 1682 parcitate
865 1629 1192 1681 indignaretur.
1258 1628 1441 1674 Verum.
1476 1629 1564 1668 hoc
1596 1641 1652 1668 ne
1686 1627 1824 1671 fieret,
1866 1627 1975 1668 satis
2007 1627 2144 1677 cauit,

483 1708 523 1742 et
557 1703 650 1743 suis
684 1702 877 1755 posteris
912 1702 1086 1741 bonum
1121 1701 1383 1753 exemplum
1418 1701 1638 1751 largitatis
1668 1700 1899 1753 totiusque
1923 1699 2140 1740 bonitatis

484 1776 686 1828 reliqum
735 1775 858 1828 quod
907 1779 947 1814 et
994 1774 1080 1826 ipsi
1130 1774 1302 1824 adhue,
1351 1774 1436 1812 deo
1478 1773 1669 1824 gratias,
1718 1777 1923 1824 seruant,
1971 1772 2142 1825 optime

485 1849 703 1900 pollentes
737 1847 781 1887 in
817 1847 942 1898 regni
976 1846 1292 1886 moderamine
1327 1850 1369 1884 et
1399 1846 1444 1885 in
1481 1847 1703 1885 uirtutum
1739 1847 1914 1886 decore.

569 1922 634 1961 23.
699 1921 875 1959 Tantus
915 1919 1069 1972 itaque
1110 1932 1200 1967 rex,
1249 1923 1494 1971 postquam
1540 1919 1685 1959 Roma
1729 1922 1794 1958 est
1841 1930 2052 1958 reuersus
2101 1921 2142 1957 et

485 1994 529 2033 in
587 1993 772 2046 proprio
829 2003 969 2043 regno
1016 1991 1349 2045 aliquantisper
1404 1991 1691 2041 demoratus,
1749 1990 1967 2031 omnibus
2026 1990 2141 2029 bene

439 2073 452 2099 .-
485 2065 719 2118 dispositis
757 2064 938 2104 transiit
976 2065 1033 2104 ad
1074 2064 1334 2114 dominum,
1382 2065 1676 2104 coronandus
1716 2064 1761 2103 in
1796 2066 1922 2116 parte
1955 2063 2138 2102 dextera

484 2139 541 2178 ab
580 2138 682 2191 ipso
722 2137 913 2177 domino
951 2141 1137 2177 auctore
1185 2135 1410 2176 omnium.
1475 2136 1803 2176 Tui-babantur
1850 2136 2002 2188 itaque
2042 2135 2139 2174 eius

485 2210 611 2250 obitu
645 2223 819 2259 omnes,
868 2210 946 2263 qui
979 2209 1234 2260 audierant,
1275 2209 1568 2262 maximeque
1601 2208 1681 2261 qui
1714 2208 1812 2248 eius
1844 2208 1959 2248 solio
1993 2209 2139 2248 deser-

486 2283 683 2332 uierant,
732 2295 929 2335 quorum
975 2282 1175 2321 maxima
1219 2294 1325 2334 pars
1373 2286 1558 2334 cuperet
1606 2282 1645 2321 ei
1693 2280 1934 2331 commori,
1982 2280 2017 2320 si
2051 2281 2139 2320 hoc

486 2368 575 2394 non
611 2355 871 2408 displiceret
903 2354 1060 2403 diuine
1098 2353 1406 2407 dispositioni.
1438 2351 1449 2404 ξΙ
1482 2354 1687 2405 Lugebat
1724 2353 1915 2393 domina
1948 2352 2137 2399 EMMA,

486 2427 581 2466 eius
614 2427 783 2478 regina,
817 2440 923 2467 cum
958 2426 1287 2480 patriensibus;
1321 2426 1563 2466 ululabant
1595 2438 1821 2479 pauperes
1847 2437 1953 2465 cum
1984 2428 2139 2477 poten-

484 2499 628 2548 tibus;
686 2499 858 2539 flebant
905 2499 1108 2552 episcopi
1157 2503 1198 2539 et
1245 2498 1397 2539 clerici
1446 2512 1549 2538 cum
1599 2497 1842 2538 monachis
1891 2501 1932 2536 et
1978 2496 2139 2537 sancti-

487 2571 779 2612 monialibus.
829 2572 914 2612 Sed
948 2576 1173 2625 quantum
1208 2570 1448 2623 lugebatur
1476 2570 1738 2619 inmundo,
1771 2574 1951 2610 tantum
1978 2569 2140 2609 letetur

573 2689 608 2723 2.
658 2689 780 2731 etiam
830 2690 882 2735 Ᾱ;
932 2693 971 2724 et
1011 2689 1050 2724 P.
1130 2689 1164 2724 3.
1211 2689 1368 2723 domno
1415 2689 1466 2731 Α;
1514 2688 1596 2723 dfio
1646 2688 1689 2731 P,
1736 2687 1842 2722 unde
1879 2686 2051 2721 domino
2094 2686 2138 2720 D.

490 2746 525 2782 7.
551 2746 633 2780 sint
652 2746 694 2781 D.
764 2747 820 2781 12.
849 2746 1018 2782 modum
1047 2756 1125 2781 0111.
1148 2745 1193 2781 D.
1261 2746 1322 2780 13.
1351 2756 1484 2791 queq..
1518 2745 1539 2780 i.
1561 2756 1588 2780 e.
1622 2754 1828 2790 quaequae,
1860 2754 2139 2789 quaecunque,

489 2805 529 2836 Ill
560 2813 684 2847 supra
707 2814 745 2848 p.
773 2802 865 2846 393,
886 2804 920 2839 5.
988 2803 1047 2838 14.
1080 2802 1134 2838 ob
1167 2803 1249 2838 hoc
1275 2802 1362 2848 AP;
1397 2803 1451 2838 ob
1485 2803 1561 2837 lias
1588 2802 1631 2838 D.
1696 2801 1757 2836 18.
1791 2801 1930 2846 largus
1961 2798 2003 2848 (u
2037 2810 2138 2834 corr.

488 2868 535 2892 er
567 2857 607 2905 o)
637 2859 698 2894 A1.
762 2860 825 2895 24.
858 2869 985 2906 regno
1012 2870 1089 2896 om.
1115 2860 1159 2895 D.
1222 2860 1286 2894 25.
1312 2859 1353 2894 in
1381 2863 1498 2905 parte
1523 2860 1705 2903 dextera,
1737 2857 1808 2903 cfr.
1831 2856 1970 2893 Matth.
1990 2856 2056 2900 25,
2079 2855 2137 2891 33.

490 2916 551 2950 26.
578 2917 718 2961 itaque
742 2917 793 2960 Α;
826 2917 951 2962 igitur
970 2918 1012 2952 P.
1075 2917 1137 2953 27.
1162 2915 1287 2952 Verba
1313 2916 1429 2952 obitu
1450 2947 1455 2953 .
1476 2947 1480 2952 .
1499 2916 1607 2952 solio
1632 2926 1710 2952 om.
1737 2916 1778 2951 Ρ.
1868 2914 1940 2960 qui
1966 2913 2136 2949 alterum

490 2982 565 3006 om.
592 2973 635 3007 D.
699 2973 761 3008 29.
797 2984 879 3009 non
906 2984 985 3009 om.
1012 2974 1057 3009 D.
1122 2974 1184 3009 30.
1212 2974 1302 3009 eius
1329 2974 1469 3020 regina
1498 2984 1576 3009 om.
1605 2974 1646 3008 P.
1737 2971 2021 3018 patriensibus
2046 2970 2137 3015 ,41²3

977 3027 1077 3050 labant

490 3064 734 3107 parentibus
769 3064 812 3098 D.
903 3065 973 3099 ulu
1008 3075 1227 3109 pauperes.
1259 3074 1360 3100 corr.
1395 3064 1457 3100 ΑΙ.
