2242 3551
471 208 705 238 ExoRmVM
739 208 1016 238 MONASTERH
1050 209 1178 238 CARAE
1212 209 1384 237 INSVLAE
1674 197 1754 236 159

179 328 420 375 Capitulum
454 328 481 364 Ι.
544 327 636 372 Quo
677 330 867 373 tempore
907 327 974 362 uel
1012 338 1033 362 a
1075 327 1231 373 quibus
1271 326 1465 373 personis
1500 326 1580 361 hoc
1613 336 1754 361 mona-

95 398 268 436 sterium
301 397 467 433 initium
501 397 694 443 sumpsit.

180 467 228 504 II.
304 466 425 511 Quod
474 465 643 509 fratres,
690 468 736 501 ut
782 465 985 501 maiorem
1033 466 1211 511 gratiam
1260 465 1465 501 haberent
1511 464 1628 510 electj
1678 464 1754 508 sui⁷

94 538 396 574 concesserunt
427 535 463 571 ei
497 535 718 581 Smaheng.

180 606 250 643 III.
314 605 373 641 De
405 604 545 651 primo
577 603 740 649 abbate,
772 603 991 650 quomodo
1024 614 1073 640 ex
1106 607 1224 650 parte
1255 604 1363 649 regis
1389 606 1427 639 et
1454 603 1752 649 episcoporum
1781 607 1800 636 5

97 677 270 713 Romam
303 674 500 721 perrexit.

181 744 270 780 IIII.
333 744 488 779 Littere
521 743 682 779 domini
716 743 938 789 apostolici
973 743 1023 778 ad
1058 751 1197 788 regem
1231 742 1282 777 de
1314 743 1547 777 mutatione
1582 741 1753 777 claustri

95 815 145 851 de
176 814 306 860 Weng
337 816 377 849 et
408 813 459 849 de
491 812 764 849 reuocatione
796 811 944 848 Eskilli
976 812 1300 858 archiepiscopi.

179 884 220 920 V.
282 882 385 918 Item
426 882 479 918 ad
517 882 743 929 episcopos
781 881 832 917 de
870 882 1104 918 mutatione
1137 881 1325 917 eiusdem
1360 881 1533 917 claustri
1566 884 1606 917 et
1636 891 1754 916 reuo-

94 953 259 990 catione
291 951 480 988 eiusdem
513 951 838 998 archiepiscopi.
1784 954 1824 985 10

179 1022 242 1058 VI.
305 1020 576 1067 Priuilegium
619 1020 781 1056 domini
821 1021 929 1066 regis
969 1020 1045 1064 W.‚
1092 1020 1205 1066 quod
1249 1020 1364 1055 dedit
1411 1019 1669 1055 monasterio
1717 1022 1756 1054 et

96 1091 297 1127 fratribus
331 1091 382 1127 de
413 1091 556 1137 Weng.

180 1161 262 1197 VII.
311 1160 432 1205 Quod
465 1161 617 1196 domus
649 1160 728 1196 hec
760 1160 801 1195 in
835 1159 1010 1197 exordio
1043 1170 1120 1195 suo
1155 1170 1238 1195 non
1272 1159 1325 1194 sit
1357 1159 1447 1194 sine
1479 1158 1755 1194 fundamento

96 1231 279 1267 fundata.

181 1300 285 1336 VIII.
349 1299 503 1335 LIttere
542 1299 703 1335 domini
743 1299 965 1346 apostolici
1004 1299 1055 1335 ad
1095 1298 1289 1334 abbatem
1326 1298 1555 1334 Henricum
1589 1307 1718 1343 super
1748 1292 1825 1347 {115

96 1370 201 1414 loco⁷
233 1380 358 1416 quem
392 1368 472 1404 sibi
505 1368 709 1405 offerebat
741 1368 926 1405 Eskillus
959 1369 1198 1415 episcopus.
1788 1366 1915 1400 Fol.‘.).v

184 1439 246 1474 IX.
308 1438 429 1482 Quod
480 1437 663 1474 Eskillus
711 1438 938 1485 episcopus
986 1437 1227 1483 resignauit‚
1274 1437 1389 1483 quod
1431 1437 1549 1483 prius
1590 1436 1763 1471 dederat

98 1508 148 1544 de
179 1507 429 1554 episcopatu
460 1508 502 1543 in
537 1508 796 1553 Sahebroch,
846 1518 922 1554 pro
957 1507 1167 1552 Smaheng
1208 1508 1259 1542 ad
1300 1507 1592 1553 episcopatum
1636 1506 1759 1541 etiam

99 1577 345 1624 pertinente,
379 1580 423 1612 ut
455 1576 496 1612 in
530 1588 579 1612 eo
612 1580 933 1613 construeretur
965 1576 1282 1613 monasterium.

183 1647 225 1682 X.
288 1646 512 1690 Quomodo
546 1646 744 1682 monachi
777 1646 1020 1682 habuerunt
1053 1646 1310 1682 Sahebroch.
1790 1652 1832 1683 20

186 1716 250 1751 XI.
315 1715 587 1761 Priuilegium
623 1716 732 1762 regis
765 1716 816 1751 de
849 1716 1105 1752 Sahebroch.

184 1785 269 1821 XII.
331 1784 555 1828 Quomodo
586 1785 849 1821 transierunt
880 1785 932 1821 de
964 1786 1094 1831 Weng
1126 1785 1177 1820 ad
1211 1784 1349 1821 Calue.

183 1854 289 1890 XIII.
353 1853 626 1900 Priuilegium
659 1854 973 1901 archiepiscopi
1006 1854 1245 1890 Lundensis
1271 1854 1322 1889 de
1351 1853 1628 1889 translatione
1653 1852 1764 1888 clau-

99 1924 173 1960 stri
207 1923 258 1959 de
290 1923 421 1969 Weng
453 1923 505 1959 ad
539 1923 677 1960 Calue.

184 1992 311 2028 XIIII.
372 1992 527 2028 Littere
559 1993 719 2029 domini
753 1993 978 2040 apostolici
1009 1993 1060 2029 ad
1093 2002 1232 2039 regem
1267 1992 1317 2028 de
1349 1991 1625 2028 translatione
1656 1992 1764 2027 eius·
1790 1999 1832 2029 25

103 2061 196 2098 dem
231 2061 415 2097 claustri.

184 2131 260 2167 XV.
310 2131 412 2167 Item
447 2131 583 2167 littere
615 2131 776 2168 domini
810 2132 1032 2179 apostolici
1065 2131 1116 2168 ad
1151 2132 1376 2178 episcopos
1409 2130 1460 2166 de
1487 2130 1763 2166 translatione

102 2200 290 2236 eiusdem
325 2200 509 2236 claustri.

185 2269 283 2305 XVI.
365 2269 635 2315 Priuilegium
686 2270 848 2306 domini
881 2271 1104 2317 apostolici
1153 2271 1203 2307 de
1249 2269 1527 2306 translatione
1573 2268 1761 2304 eiusdem

100 2338 286 2375 claustri.
1788 2346 1831 2376 30

186 2407 305 2444 XVII.
369 2408 428 2443 De
460 2408 648 2444 secundo
681 2409 945 2453 concambio,
991 2410 1106 2456 quod
1147 2409 1391 2445 habuerunt
1429 2407 1627 2444 monachi
1666 2417 1761 2442 cum

102 2485 209 2523 rege,
241 2477 281 2512 in
316 2488 401 2523 quo
436 2477 633 2512 monachi
666 2481 919 2524 receperunt
951 2479 1091 2525 Weng.

187 2545 327 2581 XVIII.
412 2546 565 2582 Littere
612 2546 772 2582 domini
821 2548 1044 2594 apostolici
1091 2549 1142 2583 ad
1190 2558 1328 2595 regem
1377 2560 1454 2595 pro
1502 2550 1763 2585 ornamentis

103 2615 276 2651 ecclesie
310 2615 360 2650 de
393 2615 523 2661 Weng
556 2619 595 2651 et
626 2619 736 2652 terra
772 2616 822 2651 de
855 2616 1019 2653 Culsne.

188 2683 288 2719 XIX.
351 2684 441 2727 Qua
474 2684 524 2720 de
556 2695 684 2721 causa
716 2689 983 2721 recesserunt
1015 2686 1065 2721 de
1097 2686 1179 2721 iam
1214 2687 1324 2722 dicta
1358 2687 1494 2723 insula
1528 2687 1666 2724 Calue.
1789 2692 1831 2723 35

190 2752 267 2788 XX.
333 2752 391 2788 De
426 2753 589 2789 uisione
621 2754 854 2791 cuiusdam.

189 2821 288 2856 XXI.
338 2821 429 2864 Quo
462 2825 653 2868 tempore
685 2828 895 2860 uenerunt
927 2825 979 2860 ad
1012 2824 1165 2869 locum,
1198 2825 1238 2859 in
1273 2836 1358 2870 quo
1393 2836 1505 2861 nunc
1538 2830 1598 2861 est
1625 2838 1762 2862 mona-

105 2889 290 2926 sterium.
337 2923 352 2947 ⁸

194 3036 254 3071 10.
274 3036 461 3072 elusdem
480 3039 574 3072 ante
590 3038 900 3085 archiepiscopi
918 3050 1044 3085 supra
1064 3050 1222 3075 versum
1241 3040 1334 3078 add.
1355 3039 1388 3077 C
1407 3051 1459 3076 m.
1476 3041 1509 3076 1.
1560 3041 1620 3077 18.
1638 3042 1761 3076 etiam

107 3102 232 3138 supra
265 3104 298 3129 υ.
330 3093 421 3130 add.
456 3093 489 3130 C
522 3105 574 3130 m.
613 3095 664 3139 l.;
697 3095 789 3131 item
823 3097 886 3132 25.
921 3097 1122 3142 eiusdem,
1153 3097 1224 3133 sed
1254 3097 1337 3133 alia
1370 3108 1510 3134 manu.
