2242 3551
342 851 415 883 Fol.
431 847 499 883 51¹2

458 1001 498 1032 10

456 1368 497 1397 15

454 1731 497 1762 20

455 2096 497 2127 25

454 2462 496 2493 30

526 214 610 253 274
869 222 1145 253 SCRIPTORES
1178 221 1405 251 HISTORIAE
1438 221 1615 249 DANICAE
1647 220 1846 249 M1NoREs

527 338 598 379 sui
643 338 920 379 venerando.
993 337 1109 378 Cum
1157 350 1264 378 vero
1311 337 1408 390 ipse
1454 337 1688 388 dompnus
1734 348 1812 376 rex
1858 336 2179 388 desponsasset

526 411 670 451 filiam
717 410 833 463 regis
878 410 1081 463 Yspanie
1133 409 1181 450 in
1236 409 1585 450 matrimonium
1641 408 1720 460 filij
1779 408 1849 448 sui
1896 408 2179 448 VValdemari

526 483 741 535 iunioris,
793 483 947 536 ipsum
995 484 1253 536 dompnum
1302 482 1570 536 episcopum
1618 494 1700 534 pro
1748 481 1823 521 illa
1870 482 1925 521 de
1972 481 2178 534 partibus

524 556 726 609 Yspanie
768 556 825 596 ad
871 556 1063 596 Daciam
1110 556 1383 596 adducenda
1430 554 1690 595 destinauit.
1754 554 1855 607 Ipse
1902 558 2054 594 autem
2104 568 2180 595 rex

524 629 708 670 iuuenis
739 629 1065 669 Waldemarus
1105 642 1184 682 per
1224 632 1368 669 totam
1408 627 1551 668 vitam
1593 640 1725 667 suam
1765 624 1833 681 (—
1867 631 2076 668 mortuus
2115 632 2180 668 est

526 706 630 742 ante
663 706 839 755 patrem
871 699 940 757 ——)
972 702 1032 742 ita
1066 714 1172 743 eum
1205 700 1375 753 dilexit,
1407 712 1462 741 ac
1493 700 1531 740 si
1564 703 1681 740 esset
1711 703 1844 753 pater
1876 700 1985 740 eius.
2044 700 2177 751 Quod

527 779 568 815 et
614 775 770 827 regina
819 788 915 828 sua,
963 775 1152 816 nomine
1190 774 1390 826 Alienor,
1437 786 1578 827 quam
1625 772 1722 826 ipse
1769 774 1825 813 ad
1873 777 2024 826 partes
2070 773 2177 814 istas

528 849 799 900 deduxerat,
859 845 871 902 ll
931 848 1076 888 multa
1132 847 1387 888 deuocione
1440 846 1586 887 facere
1640 845 1848 887 similiter
1900 846 2177 899 procurauit.

526 920 912 975 Quandocumque
954 922 1011 961 ad
1051 920 1240 975 aliquod
1280 919 1527 960 consilium
1566 919 1693 971 regni
1732 920 1965 973 dompnus
2010 919 2179 960 archie-

526 994 744 1048 piscopus
776 994 878 1035 Vffo
922 998 963 1034 et
1001 993 1136 1034 ceteri
1175 992 1453 1045 suffraganei
1495 993 1565 1033 sui
1609 992 1813 1046 episcopi
1852 1005 1906 1033 ac
1946 992 2044 1046 ipse
2075 1005 2179 1033 con-

526 1071 766 1119 uenerunt,
799 1067 896 1120 ipse
928 1067 974 1107 in
1003 1066 1168 1108 maiori
1191 1067 1368 1107 honore
1391 1065 1507 1119 alijs,
1539 1079 1593 1107 ac
1616 1065 1653 1106 si
1679 1070 1795 1106 esset
1820 1070 1946 1119 pater
1969 1065 2179 1106 omnium

526 1140 733 1192 illorum,
780 1140 838 1181 ab
886 1140 1104 1180 omnibus
1152 1140 1422 1180 habebatur.
1515 1139 1714 1190 Quando
1763 1139 1899 1179 etiam
1947 1139 2178 1192 dompnus

524 1213 850 1254 Waldemarus
897 1227 975 1254 rex
1022 1212 1175 1253 senior
1220 1212 1391 1252 librum
1438 1212 1548 1265 legis
1596 1212 1770 1252 Danice
1813 1212 2178 1264 Worthinborgh

525 1286 787 1339 composuit
828 1290 869 1326 et
907 1287 1080 1340 populo
1122 1290 1238 1326 terre
1271 1299 1352 1326 sue
1384 1286 1757 1326 conseruandum
1793 1285 2037 1338 commisit,
2084 1286 2179 1338 ipse

526 1372 713 1411 presens
740 1359 839 1411 fuit,
871 1363 913 1400 et
939 1359 1143 1412 consilijs
1168 1358 1262 1399 suis
1288 1371 1370 1412 pro
1394 1357 1561 1398 maiori
1585 1362 1712 1411 parte
1734 1358 1832 1411 ipse
1858 1371 1935 1398 rex
1961 1359 2177 1399 obediuit.

526 1432 705 1472 Nomen
748 1432 916 1472 etenim
955 1431 1053 1472 eius
1092 1431 1139 1471 in
1180 1431 1499 1472 testimonium
1537 1434 1633 1471 tam
1673 1431 1943 1485 sollempnis
1984 1431 2089 1472 facti
2132 1431 2177 1471 in

525 1505 714 1557 prologo
755 1504 862 1545 dicti
903 1504 1007 1544 libri
1048 1505 1158 1557 legis
1200 1504 1403 1558 positum
1448 1508 1525 1545 est.
1599 1504 1700 1558 Ipse
1746 1504 1899 1558 itaque
1946 1505 2178 1558 dompnus

525 1577 626 1618 Vffo
659 1577 1036 1630 archiepiscopus
1069 1577 1130 1618 ita
1163 1590 1268 1618 eum
1302 1577 1519 1618 dilectum
1553 1577 1716 1618 habuit
1747 1581 1883 1632 atque
1915 1590 2088 1629 carum,
2120 1580 2177 1629 vt,

524 1654 938 1704 quantumcunque
970 1650 1130 1704 potuit,
1164 1663 1270 1690 eum
1304 1663 1441 1703 super
1473 1663 1519 1691 se
1551 1651 1705 1703 ipsum
1738 1650 1998 1691 honorauit.
2061 1650 2178 1690 Nam

523 1723 617 1764 vidi
655 1723 713 1763 ad
752 1723 921 1763 ostium
964 1727 1095 1777 stupe
1135 1723 1271 1765 vnius
1310 1725 1654 1775 contendentes,
1701 1723 1804 1777 quis
1852 1736 2010 1763 eorum
2055 1723 2178 1776 prior

524 1796 724 1848 intraret,
772 1809 865 1837 non
897 1800 1051 1837 tamen
1086 1809 1139 1837 ex
1171 1796 1251 1848 ira,
1299 1797 1377 1837 sed
1412 1810 1465 1837 ex
1497 1807 1664 1849 magna
1697 1796 1883 1837 caritate
1916 1800 1957 1837 et
1989 1797 2177 1846 honore,

524 1881 615 1922 quo
654 1869 822 1909 vellent
865 1881 910 1909 se
956 1868 1159 1910 inuicem
1207 1869 1461 1923 preuenire‚
1509 1870 1766 1910 secundum
1806 1869 1920 1909 illud
1959 1868 2175 1922 apostoli:

521 1941 738 1981 ‘Domino
786 1942 1052 1995 seruientes‚
1100 1942 1275 1982 honore
1322 1941 1522 1982 inuicem
1572 1942 1916 1996 preuenientes'.
1990 1941 2178 1982 Dicebat

523 2027 725 2067 namque
764 2014 1141 2068 archiepiscopus
1184 2015 1415 2068 episcopo,
1463 2019 1507 2056 vt
1554 2015 1682 2068 prius
1729 2019 1833 2055 ante
1881 2028 1927 2056 se
1970 2015 2175 2064 intraret;

525 2086 603 2140 qui
636 2087 748 2127 dixit
782 2100 828 2127 se
860 2087 973 2127 illud
1007 2087 1155 2128 facere
1187 2101 1280 2128 non
1313 2101 1461 2141 posse,
1500 2100 1584 2128 nec
1614 2088 1768 2141 ipsum
1802 2101 1848 2128 se
1879 2088 1987 2128 talia
2020 2099 2176 2140 rogare

524 2160 701 2200 debere.
788 2161 843 2200 At
889 2160 962 2200 ille
1011 2161 1124 2201 dixit
1170 2160 1228 2202 ei:
1281 2160 1353 2201 »Si
1400 2164 1504 2201 ante
1550 2173 1636 2201 nos
1682 2160 1948 2201 distuleritis
1996 2161 2174 2210 intrare,

522 2232 766 2272 reddemus
813 2234 945 2274 vobis
990 2233 1215 2286 raciones,
1262 2238 1308 2275 vt
1354 2234 1466 2274 illud
1509 2233 1698 2274 faciatis.
1763 2234 1879 2274 Nam
1925 2234 2073 2287 prima
2113 2236 2177 2273 est

523 2305 661 2356 racio,
694 2309 739 2345 vt
772 2318 837 2358 ea,
871 2319 959 2360 que
991 2306 1122 2347 vobis
1155 2307 1407 2347 dixerimus
1439 2306 1665 2358 facienda,
1698 2306 1845 2347 facere
1876 2320 1958 2348 vos
1987 2310 2173 2360 oportet.

524 2377 733 2418 Secunda
781 2382 866 2430 est,
914 2379 1021 2432 quia
1068 2379 1330 2430 religiosam
1377 2379 1519 2420 vitam
1568 2393 1621 2420 ex
1667 2380 1827 2420 ordine
1875 2379 2175 2433 Cysterciensi

522 2450 726 2501 habetis,
774 2463 856 2491 nos
903 2455 1056 2491 autem
1104 2452 1369 2492 seculariter
1414 2452 1629 2493 viuimus.
1693 2452 1902 2493 Terciam
1944 2452 2174 2493 racionem

522 2523 757 2576 noueritis‚
804 2523 911 2577 quia
953 2525 1069 2564 duos
1110 2524 1296 2565 ordines
1334 2525 1438 2577 plus
1478 2524 1611 2565 nobis
1652 2525 1842 2566 habetis.
1907 2525 2081 2575 Quarta
2112 2527 2175 2565 est

521 2595 621 2647 ista,
669 2596 793 2649 quod
833 2609 917 2637 nos
958 2596 1005 2636 in
1046 2596 1444 2650 archiepiscopum
1489 2611 1628 2638 manu
1672 2602 1821 2638 vestra
1862 2597 2173 2639 consecrastis.

524 2667 695 2717 Quinta
729 2672 795 2708 est
825 2669 964 2721 racio,
997 2668 1104 2722 quia
1137 2682 1222 2710 nos
1254 2670 1300 2709 in
1333 2674 1448 2710 etate
1480 2671 1736 2723 precellitis.
1787 2672 1977 2724 Propter
2002 2674 2173 2710 sextam

611 2870 674 2905 10.
703 2835 914 2915 suffragjhei
939 2870 985 2907 C.
1053 2872 1113 2907 12.
1142 2871 1205 2915 Qfi
1236 2870 1276 2920 (i.
1304 2882 1334 2908 e.
1363 2873 1556 2919 Quando)
1585 2872 1641 2921 C;
1676 2873 1780 2909 Cum
1805 2872 1931 2920 Lybie.
1997 2874 2059 2910 15.
2086 2873 2172 2919 ipse

522 2937 594 2962 rex
627 2926 682 2971 Ως
728 2927 819 2973 ipse
852 2938 929 2964 om.
965 2927 1089 2974 Lyblc.
1166 2929 1231 2964 20.
1262 2926 1448 2966 llostium
1481 2933 1612 2977 (eraso
1644 2931 1688 2977 h)
1722 2930 1766 2967 C.
1843 2931 1907 2966 23.
1942 2931 2172 2966 Domino..

522 2985 837 3029 preuenientes:
873 2985 1046 3021 Roman.
1075 2985 1137 3031 12,
1159 2986 1210 3022 10
1227 2996 1283 3032 sq.
1345 2987 1408 3023 27.
1441 2988 1659 3023 reddimus
1693 2987 1739 3033 C,
1769 2988 1938 3024 correxi.
2003 2988 2064 3024 30.
2098 2996 2171 3022 nos

520 3039 664 3086 Lyblc.;
712 3046 762 3077 116
797 3041 841 3077 C.
919 3042 982 3079 31.
1022 3043 1193 3079 ordines
1230 3043 1390 3089 fort:
1414 3045 1723 3091 ordinationes3
1773 3044 1987 3081 Gunnerzzs
2028 3044 2108 3080 scil.
2139 3044 2174 3078 et

521 3097 747 3133 monachus
779 3100 813 3133 el
843 3098 969 3134 abbas
1000 3100 1212 3136 ordinatus
1241 3100 1388 3146 fuerat,
1428 3101 1512 3148 Vffo
1544 3113 1626 3138 non
1661 3103 1764 3138 item.
