2242 3551
615 274 674 302 DE
709 273 899 302 ESKILLO
933 274 989 302 ET
1023 275 1213 304 PATRv1s
1246 275 1345 304 Elvs
1729 266 1808 305 431

146 392 305 446 Itaque
336 390 450 431 dum
483 387 774 442 aliquamdiu
806 387 979 429 ibidem
1015 394 1223 430 moratus
1263 390 1436 443 fuisset,
1484 390 1808 443 grauissimam

144 462 503 505 inualitudinem
536 461 711 513 incidit,
760 464 802 501 et
842 461 1064 503 diuturno
1097 463 1316 515 languore
1348 464 1590 505 tabescens
1622 465 1809 506 tandem

145 550 171 578 a
217 535 410 577 medicis
456 536 726 589 desperatus
769 538 859 585 est;
906 534 1104 589 ideoque
1147 540 1448 588 procuratum
1487 541 1567 589 est,
1615 542 1663 578 ut
1709 538 1810 581 oleo

145 613 305 651 sancto
337 608 649 661 inungeretur.
699 607 912 661 Cumque
946 607 1187 661 presbiteri
1219 608 1448 662 ceterique
1480 609 1638 651 fideles
1671 611 1811 652 huius

144 682 209 724 rei
240 682 393 735 gracia
424 681 592 723 lectulo
625 680 724 722 eius
753 679 1033 733 assisterent,
1067 680 1221 722 subito
1247 681 1396 721 factus
1419 681 1465 722 in
1490 683 1652 731 agonia
1681 685 1809 725 omni

147 756 466 797 membrorum
512 766 567 795 ac
609 766 833 794 sensuum
880 753 1036 795 officio
1084 753 1330 794 destitutus
1378 757 1463 806 est,
1516 755 1576 796 ita
1625 761 1673 797 ut
1718 757 1810 798 fere

149 832 360 870 mortuus
406 831 657 882 putaretur.
729 827 985 881 Exemptus
1032 838 1139 879 ergo
1186 826 1339 868 carnis
1386 827 1600 869 sensibus
1644 829 1810 870 ductus

149 906 215 943 est
251 901 299 942 in
337 900 501 955 spiritu
540 900 598 941 ad
633 900 872 955 quandam
905 899 1214 952 mansionem,
1261 903 1407 940 totam
1447 899 1639 942 interius
1677 902 1809 955 quasi

150 974 387 1016 clibanum
419 974 680 1021 ardentem;
724 974 783 1014 ad
815 986 956 1028 quam
991 986 1097 1014 cum
1132 973 1322 1026 propius
1356 974 1591 1014 accederet
1623 979 1665 1015 et
1696 975 1810 1016 curi-

143 1047 269 1089 osius
301 1047 529 1101 inspicere
560 1046 710 1098 vellet,
758 1046 911 1087 subito
951 1059 1201 1100 erumpens
1238 1058 1384 1099 vapor
1416 1045 1614 1100 incendij
1649 1059 1808 1102 appre-

142 1120 303 1162 hendit
347 1120 588 1161 incautum
636 1132 840 1173 moxque
878 1119 926 1160 in
972 1119 1099 1160 illam
1147 1119 1383 1160 fornacem
1433 1119 1806 1162 flammiuomam

140 1193 277 1235 traxit
320 1193 536 1234 inuitum.
617 1192 710 1244 Qui
757 1205 864 1234 cum
912 1193 1126 1246 protinus
1172 1193 1333 1233 ardere
1381 1192 1576 1246 cepisset
1622 1193 1808 1248 iamque.

141 1266 286 1307 nichil
331 1266 456 1307 aliud
504 1265 593 1306 nisi
640 1270 837 1307 mortem
887 1270 929 1307 et
976 1266 1128 1318 ignem
1178 1269 1387 1306 eternum
1436 1264 1523 1305 sibi
1571 1279 1809 1320 superesse

141 1339 373 1392 cogitaret,
419 1351 524 1380 ecce
570 1339 820 1380 miserante
867 1340 953 1380 deo
1002 1338 1220 1393 apparuit
1266 1338 1303 1379 ei
1344 1339 1391 1378 in
1430 1351 1521 1379 vno
1565 1338 1806 1392 diuersorij

141 1413 281 1454 latere
328 1416 508 1454 meatus
554 1412 746 1466 quidam
794 1412 927 1465 quasi
974 1412 1173 1453 tramitis
1220 1411 1427 1464 angusti,
1482 1412 1538 1451 de
1585 1411 1702 1452 ostio
1749 1413 1806 1453 ad

143 1485 311 1527 ostium
359 1486 555 1537 ducens,
610 1485 688 1539 qui
737 1484 884 1525 eciam
933 1485 1136 1526 flammis
1184 1497 1361 1526 vacuus
1408 1497 1506 1525 esse
1551 1484 1806 1526 videbatur.

143 1559 292 1610 Quem
327 1571 520 1599 cernens
552 1563 594 1599 et
627 1570 707 1612 spe
740 1558 969 1599 euadendi
1001 1558 1250 1610 animatus,
1295 1562 1478 1609 conatu,
1522 1570 1613 1611 quo
1646 1558 1808 1611 potuit,

140 1636 329 1685 reptans
368 1632 425 1673 ad
466 1632 622 1673 locum
662 1632 795 1672 illum
834 1632 1051 1686 refrigerij
1093 1630 1324 1685 peruenit;
1373 1635 1416 1671 et
1457 1644 1537 1684 per
1575 1630 1707 1671 illum
1749 1632 1806 1672 ad

142 1704 313 1746 ostium
353 1705 545 1746 tendens
587 1705 793 1746 celeriter
832 1705 940 1759 exijt
978 1709 1021 1747 et
1058 1704 1172 1757 fugit
1211 1704 1443 1758 palpitans
1476 1707 1518 1744 et
1548 1707 1750 1744 tremens
1782 1717 1807 1744 a

142 1777 256 1819 facie
295 1778 414 1830 ignis
452 1777 734 1819 deuorantis.
798 1779 998 1833 Moxque
1039 1778 1273 1832 palacium
1312 1777 1550 1831 quoddam
1585 1777 1734 1829 regale
1766 1781 1808 1817 et

141 1851 350 1904 amplum
399 1851 632 1905 reperiens
679 1856 720 1892 et
767 1851 877 1893 illuc
923 1852 1185 1904 ingrediens
1240 1850 1355 1892 vidit
1406 1850 1451 1890 in
1501 1862 1554 1890 eo
1601 1849 1805 1901 reginam

142 1924 349 1965 celorum
396 1928 439 1965 et
485 1924 727 1965 dominam
775 1925 1069 1978 angelorum,
1129 1925 1259 1965 vultu
1307 1927 1349 1963 et
1394 1921 1557 1962 habitu
1604 1921 1806 1962 mirabili

142 1997 499 2038 choruscantem
541 2001 678 2051 atque
718 1997 769 2039 in
809 1998 978 2039 throno
1018 1997 1159 2050 glorie
1202 1996 1492 2038 residentem.
1555 1994 1622 2034 Ad
1664 2007 1804 2048 quam

143 2069 342 2122 pauidus
381 2074 423 2111 et
461 2070 658 2111 anhelus
695 2071 921 2111 accedens
960 2070 1196 2123 flagitabat
1243 2068 1426 2120 obnixe,
1473 2070 1522 2107 ut
1560 2065 1630 2107 sui
1674 2066 1806 2107 mise-

142 2147 327 2184 reretur.
420 2143 569 2194 Quem
626 2143 836 2196 protinus
889 2144 967 2184 illa
1022 2143 1325 2195 dedignanter
1380 2139 1609 2193 aspiciens
1667 2143 1803 2193 atque

142 2215 384 2256 minaciter
422 2216 679 2270 alloquens,
726 2217 849 2271 quod
890 2230 1033 2257 ausus
1070 2216 1231 2257 fuisset
1270 2215 1315 2255 in
1364 2215 1614 2265 conspectu
1659 2211 1803 2264 ipsius

141 2300 377 2342 apparere,
422 2289 615 2329 mandat
655 2289 933 2343 quantocius
966 2289 1119 2342 egredi
1151 2292 1194 2330 et
1225 2287 1528 2329 cruciandum
1562 2285 1619 2325 ad
1651 2284 1802 2336 ignem

142 2360 321 2401 reuerti.
373 2361 516 2402 Porro
548 2361 667 2403 inter
692 2362 808 2403 alios
834 2361 969 2402 matri
994 2360 1310 2402 misericordie
1329 2358 1592 2399 assistentes
1615 2369 1804 2410 appare-

143 2432 254 2473 bant
286 2433 350 2474 ibi
382 2437 472 2475 tres
506 2434 591 2476 viri
622 2434 923 2487 venerabiles,
972 2447 1171 2488 quorum
1214 2445 1331 2474 Vnus
1364 2431 1571 2471 eiusdem
1604 2428 1803 2469 ciuitatis

142 2504 387 2559 episcopus
420 2510 530 2559 erat,
563 2507 676 2547 alter
706 2520 815 2549 vero
849 2508 1067 2559 decanus,
1099 2507 1258 2547 tertius
1292 2501 1624 2544 nichilominus
1648 2501 1802 2542 nescio

141 2578 251 2632 quid
285 2578 424 2633 officij
459 2579 507 2619 in
540 2580 701 2620 eadem
735 2580 927 2620 ecclesia
960 2579 1321 2620 amministrans.
1387 2575 1482 2615 Hos
1520 2574 1674 2626 itaque
1707 2586 1802 2626 pre-

140 2649 261 2691 fatus
308 2652 681 2692 adolescentulus
728 2652 915 2693 intuens
963 2664 1017 2692 ac
1062 2662 1409 2702 recognoscens7
1458 2645 1802 2686 lacrimabiliter

230 2773 264 2808 1.
298 2775 539 2808 moraretur
571 2773 615 2808 B.
688 2773 722 2809 2.
755 2772 1080 2808 inualitudinem
1114 2772 1168 2818 Α;
1216 2768 1549 2806 inualetudinem
1584 2767 1645 2815 Mg
1692 2767 1799 2802 vale-

140 2829 330 2865 tudinem
365 2830 406 2866 E.
470 2830 504 2867 3.
538 2833 815 2876 procuratum
849 2833 910 2865 est
937 2830 1036 2875 AM3
1069 2833 1130 2865 est
1162 2839 1238 2864 0111.
1275 2828 1316 2863 E.
1382 2827 1417 2862 4.
1449 2830 1519 2860 sco
1551 2823 1616 2872 <z
1639 2822 1801 2869 sancto)

141 2896 412 2943 invngeretur
454 2899 506 2944 Ᾱ;
553 2909 675 2934 sacro
723 2901 953 2944 ungeretur
1002 2895 1149 2946 ΕζΜῨ).
1241 2883 1335 2942 pbri
1376 2896 1426 2940 A,
1472 2893 1710 2940 presbyteri
1758 2893 1800 2927 E.

144 2965 204 3001 11.
243 2965 576 3003 ssammiuomam
620 2964 749 3014 E(M);
796 2958 1066 3001 flammisslam
1107 2966 1148 3001 Α.
1231 2965 1291 3000 13.
1334 2966 1513 2999 mortem
1561 2965 1600 2998 et
1639 2972 1716 2997 0111.
1757 2962 1798 2997 E.

143 3023 205 3059 19.
237 3026 277 3059 et
308 3024 427 3069 tr.A;
473 3035 522 3060 ac
547 3027 596 3060 tr.
616 3025 657 3059 E.
721 3024 786 3059 21.
820 3022 921 3058 illuc
946 3023 1070 3068 ABE3
1103 3023 1208 3058 illud
1236 3023 1286 3057 Μ.
1349 3021 1412 3056 22.
1445 3023 1485 3056 et
1509 3020 1724 3055 dominam
1749 3020 1798 3059 Α;

141 3093 180 3127 et
205 3102 284 3128 om.
304 3092 346 3127 E.
407 3092 473 3129 26.
507 3093 549 3128 in
582 3102 614 3127 c.
647 3091 761 3127 illius
782 3091 826 3127 Β.
889 3090 953 3125 28.
987 3091 1230 3126 assistentes
1250 3087 1384 3137 E(M)3
1418 3089 1587 3125 assistes
1605 3089 1656 3134 Α;
1689 3080 1797 3124 artari

138 3146 203 3195 (z
227 3150 426 3194 astantes)
460 3150 503 3185 B.
569 3149 631 3185 30.
662 3148 822 3184 tercius
855 3147 906 3192 133
942 3147 983 3182 39
1015 3148 1059 3183 Α.

1838 688 1850 695 ..

1836 697 1856 719 ζ)

1836 1054 1878 1085 10

1836 1417 1877 1448 15

1834 1780 1876 1811 20

1829 2143 1874 2174 25

1828 2508 1871 2539 30
