2242 3551
394 224 497 254 vrrA
531 223 732 254 GVNNEm
765 223 970 255 Emscom
1003 225 1299 255 vanGENffls
1592 217 1670 257 271

31 345 266 386 honestum
312 339 429 380 inter
476 352 553 380 eos
600 339 811 380 auditum
855 344 934 392 est,
982 353 1067 381 nec
1112 341 1306 382 verbum
1353 354 1566 395 prauum.
1631 342 1674 382 Si

31 420 175 468 autem
206 413 294 454 alio
325 415 531 465 tempore
564 412 739 465 aliquid
770 412 1008 453 sinistrum
1033 413 1150 453 inter
1176 426 1284 453 suos
1311 413 1529 466 audisset,
1562 415 1674 455 illud

31 488 134 532 satis
172 484 367 538 grauiter
406 485 594 537 accepit,
642 484 800 525 dicens
841 498 888 525 se
926 484 1038 525 illud
1081 499 1175 526 non
1216 486 1385 526 habere
1428 499 1481 527 ex
1514 487 1675 527 ordine

30 558 217 602 clericali
263 557 331 599 vel
379 570 432 598 ex
479 556 640 597 ordine
690 556 1000 608 Cisterciensi‚
1047 558 1196 598 taliter
1243 558 1389 610 iurgia
1439 560 1508 600 vel
1554 559 1675 600 rixas

29 632 235 674 facientes
267 642 422 671 secum
456 630 668 670 tollerare
701 629 879 671 debere.
933 629 989 670 Et
1020 630 1083 671 ita
1114 643 1259 672 vnum
1292 631 1515 684 corripuit
1546 632 1617 673 vel
1649 645 1674 672 a
1702 638 1719 667 5

29 719 73 746 se
110 704 267 753 emisit,
312 706 359 744 vt
397 703 509 743 alter
549 702 719 743 similia
757 702 905 743 facere
952 704 1007 743 de
1048 706 1197 744 cetero
1239 716 1333 744 non
1378 708 1674 757 presumeret,

28 778 175 819 dicens
213 776 324 816 illud
367 776 512 816 sancti
546 775 698 816 Pauli:
745 775 851 827 ‘Qui
891 775 1117 816 familiam
1159 789 1291 816 suam
1331 787 1484 829 regere
1516 778 1674 828 nescit,

28 849 206 891 ecclesie
245 849 315 889 dei
356 848 641 900 diligentiam
683 849 920 901 quomodo
960 848 1188 889 11abebit‘?‘
1252 849 1400 890 Canes
1439 850 1673 891 venaticos

27 923 94 964 vel
130 921 364 975 accipitres
402 934 645 974 nunquam
683 921 885 975 aliquem
927 934 1119 962 suorum
1161 921 1430 975 paciebatur
1467 922 1514 963 in
1547 924 1672 963 curia

28 1008 106 1036 sua
136 994 313 1036 habere.
348 991 360 1048 Η

107 1067 199 1110 VII.
248 1066 446 1118 Quando
473 1071 626 1107 autem
652 1067 866 1108 ecclesias
894 1079 974 1107 sue
999 1067 1210 1120 dyocesis
1235 1067 1451 1121 visitauit,
1484 1069 1671 1121 diligen-

26 1140 192 1182 tissime
223 1139 463 1194 perspexit,
513 1139 549 1180 si
589 1139 861 1180 indumenta
905 1140 1208 1181 sacerdotalia
1241 1145 1392 1181 essent
1424 1143 1598 1182 munda
1632 1146 1673 1182 et

26 1213 272 1267 corporalia
304 1225 357 1253 ac
388 1217 535 1253 cetera
567 1212 728 1253 diuino
761 1212 917 1253 officio
950 1213 1218 1264 attinencia;
1253 1214 1670 1265 transgressoribus

26 1285 284 1339 hujusmodi
316 1284 634 1326 sacerdotibus
666 1285 865 1338 grauiter
896 1290 989 1326 tam
1024 1286 1070 1326 in
1094 1299 1212 1340 pena
1238 1286 1505 1339 pecuniaria
1529 1300 1668 1340 quam

25 1358 110 1400 alia
153 1358 407 1413 penitencia
455 1358 763 1411 penitenciam
810 1358 1022 1399 iniunxit.
1109 1359 1324 1409 Quadam
1373 1364 1526 1399 autem
1573 1360 1670 1401 vice

26 1444 123 1472 cum
156 1431 202 1471 in
233 1431 442 1485 proxima
475 1431 650 1483 capella
682 1432 738 1471 de
763 1432 842 1472 Ale
877 1431 1067 1472 missam
1101 1431 1306 1472 audisset
1338 1436 1380 1472 et
1411 1433 1669 1485 dompnum

27 1505 252 1545 Kanutum
292 1508 402 1544 tunc
442 1503 616 1544 ibidem
657 1505 941 1544 sacerdotem
983 1504 1292 1545 celebrantem
1335 1505 1670 1557 interrogasset,

26 1576 60 1617 si
104 1577 240 1618 altare
285 1577 489 1618 eiusdem
530 1576 719 1617 ecclesie
761 1581 1082 1617 consecratum
1124 1581 1242 1618 esset
1273 1578 1316 1627 ἧς
1370 1577 1482 1618 »Vbi
1522 1589 1665 1629 ergo«

26 1649 84 1690 ait
113 1649 365 1703 episcopus,
402 1649 544 1703 »lapis
576 1649 731 1690 altaris
765 1654 843 1702 est,
884 1663 1022 1703 super
1053 1663 1192 1703 quem
1225 1663 1393 1704 corpus
1428 1650 1596 1691 Christi
1630 1656 1671 1691 et

26 1721 286 1774 sanguinem
320 1722 439 1763 soliti
472 1722 578 1763 estis
611 1722 887 1763 conficere‘?«
954 1723 1177 1763 Sacerdos
1209 1729 1377 1771 autem,
1415 1736 1521 1763 cum
1554 1728 1669 1764 esset
1696 1731 1703 1741 ¹

26 1795 149 1836 valde
180 1795 404 1847 benignus
436 1795 578 1836 homo
613 1799 654 1835 et
686 1795 841 1836 minus
873 1796 1111 1847 litteratus,
1156 1795 1271 1836 dixit
1301 1796 1434 1836 illum
1466 1796 1667 1849 lapidem

25 1868 79 1908 ad
131 1869 216 1909 hoc
269 1872 588 1909 consecratum
641 1868 687 1908 iu
744 1868 1017 1922 repositorio
1065 1868 1291 1909 librorum
1338 1881 1480 1921 prope
1528 1869 1669 1909 altare

25 1939 184 1991 iacere3
235 1941 337 1981 »sed
375 1941 580 1994 obsecro,
627 1941 691 1981 mi
728 1941 944 1994 dompne,
994 1945 1038 1982 vt
1077 1941 1261 1993 nigrum
1299 1941 1482 1993 bouem,
1530 1955 1667 1996 quem

26 2013 126 2053 satis
158 2013 372 2067 pinguem
403 2014 567 2066 habeo,
601 2017 786 2068 propter
819 2015 907 2055 hoc
938 2013 1183 2067 recipiatis,
1228 2018 1269 2055 et
1301 2018 1477 2055 reatum
1511 2027 1667 2054 meum

27 2085 159 2126 michi
189 2086 422 2139 indulgere
454 2086 641 2128 velitis.«
707 2087 856 2138 Quem
898 2087 1068 2128 bouem
1108 2087 1354 2141 episcopus
1394 2086 1578 2140 recepit,
1626 2091 1667 2127 et

26 2161 171 2199 tamen
203 2159 242 2199 ei
273 2159 411 2200 aliam
445 2160 753 2213 penitenciam
786 2159 965 2200 inflixit.

105 2231 218 2272 VIII.
281 2233 489 2286 Denique
526 2233 667 2273 semel
698 2233 756 2272 ad
790 2232 946 2273 minus
978 2245 1058 2285 per
1089 2245 1267 2273 annum
1300 2233 1370 2274 vel
1403 2232 1472 2272 bis
1505 2245 1665 2273 omnes

25 2302 140 2343 ciues
177 2305 487 2357 Wibergensis
534 2305 733 2346 ciuitatis
774 2306 830 2345 ad
880 2318 927 2346 se
965 2305 1173 2345 Asmiald
1219 2305 1424 2346 inuitans
1470 2304 1666 2357 gloriose

27 2387 97 2416 eos
136 2378 426 2429 pertractauit
463 2378 511 2418 in
552 2377 771 2431 preciosis
810 2378 924 2418 cibis
965 2382 1006 2418 et
1038 2377 1224 2431 potibus
1256 2377 1476 2428 delicatis,
1525 2381 1569 2418 vt
1611 2378 1666 2417 de

26 2453 239 2500 apparatu
278 2454 369 2491 tam
414 2450 559 2491 nobili
598 2450 707 2491 satis
747 2451 1011 2491 habuerunt
1051 2450 1146 2490 suis
1188 2463 1374 2491 narrare
1406 2463 1486 2503 per
1518 2453 1665 2490 totum

26 2531 203 2563 annum.
266 2523 381 2564 Cum
428 2527 583 2564 autem
622 2524 739 2564 letus
786 2527 828 2564 et
873 2523 1000 2564 ilaris
1037 2520 1049 2577 Η
1088 2522 1174 2563 fuit
1212 2523 1259 2563 in
1299 2535 1473 2574 mensa,
1520 2522 1666 2573 magis

25 2594 168 2634 tamen
214 2595 358 2636 factus
405 2600 471 2636 est
516 2597 655 2648 letus,
703 2609 809 2637 cum
857 2596 1038 2650 aliquos
1085 2595 1311 2649 hospites,
1359 2595 1550 2635 abbates
1595 2594 1666 2635 vel

28 2667 268 2708 monachos
301 2669 444 2709 nostri
475 2669 665 2721 ordinis,
698 2681 855 2709 secum
888 2669 1089 2709 haberet.
1151 2669 1218 2708 Ad
1253 2680 1414 2708 omnes
1446 2666 1665 2720 hospites,

26 2739 64 2775 et
104 2739 312 2793 precipue
353 2742 634 2794 claustrales,
681 2745 775 2782 tam
817 2742 1020 2782 liberalis
1061 2740 1230 2781 exstitit
1261 2744 1302 2781 et
1334 2739 1573 2791 benignus,
1620 2743 1667 2779 vt

107 2867 223 2905 7-8,
257 2869 335 2913 Qui
363 2870 565 2907 familiam
585 2902 590 2907 .
610 2901 616 2907 .
635 2871 827 2908 habebit:
860 2870 931 2916 cfr.
955 2869 1122 2906 Timom.
1140 2870 1170 2912 I,
1196 2869 1233 2914 3,
1253 2869 1287 2905 5.
1355 2869 1416 2905 13.
1441 2868 1665 2915 corporale

27 2923 79 2957 est
109 2925 278 2970 palliizm
321 2928 500 2974 li11teum,
549 2939 628 2975 quo
668 2930 796 2965 altat-e
836 2928 1089 2964 dominicum
1129 2938 1221 2962 cum
1262 2927 1389 2962 sacris
1429 2924 1666 2961 muneribus

27 2982 242 3028 contegitur
272 2985 559 3032 (Ducanqius).
625 2987 686 3024 18.
717 2989 810 3032 post
839 2988 1134 3022 consecratum
1169 2987 1277 3020 esset
1309 2983 1577 3019 desideratur:
1626 2986 1665 3018 et

27 3033 91 3072 ille
119 3039 375 3080 affirmasset.
453 3044 517 3082 21.
557 3046 597 3079 et
637 3046 731 3079 ante
773 3043 912 3079 minus
943 3054 972 3079 s.
1007 3054 1038 3078 υ.
1071 3042 1164 3077 adel.
1196 3041 1239 3077 C.
1318 3041 1380 3077 28.
1420 3043 1512 3086 post
1549 3041 1664 3075 ciues

29 3093 211 3141 scriptum
241 3098 320 3144 fuit
350 3100 538 3145 asmiald,
570 3101 639 3136 sed
669 3100 746 3136 hoc
777 3099 1007 3136 rubricator
1036 3098 1191 3136 deleuit.

1700 1003 1740 1032 10

1699 1074 1771 1106 1201.
1786 1071 1853 1106 49¹⁶.

1700 1364 1738 1393 15

1692 2460 1733 2490 30

1693 2530 1765 2560 Fol.
1783 2526 1854 2560 49&
