<?xml version="1.0" encoding="UTF-8"?>
<!DOCTYPE html PUBLIC "-//W3C//DTD XHTML 1.0 Transitional//EN"
    "http://www.w3.org/TR/xhtml1/DTD/xhtml1-transitional.dtd">
<html xmlns="http://www.w3.org/1999/xhtml" xml:lang="en" lang="en">
 <head>
  <title>
</title>
<meta http-equiv="Content-Type" content="text/html;charset=utf-8" />
  <meta name='ocr-system' content='tesseract 3.04.00' />
  <meta name='ocr-capabilities' content='ocr_page ocr_carea ocr_par ocr_line ocrx_word'/>
</head>
<body>
  <div class='ocr_page' id='page_1' title='image "./scriptoresminore212gert/scriptoresminore212gert_0445.png"; bbox 0 0 2242 3551; ppageno 0'>
   <div class='ocr_carea' id='block_1_1' title="bbox 592 213 1784 252">
    <p class='ocr_par' dir='ltr' id='par_1_1' title="bbox 592 213 1784 252">
     <span class='ocr_line' id='line_1_1' title="bbox 592 213 1784 252; baseline 0.001 -1"><span class='ocrx_word' id='word_1_1' title='bbox 592 225 649 252; x_wconf 80' lang='lat' dir='ltr'>DE</span> <span class='ocrx_word' id='word_1_2' title='bbox 683 223 873 252; x_wconf 71' lang='lat' dir='ltr'>EsleLo</span> <span class='ocrx_word' id='word_1_3' title='bbox 908 223 964 250; x_wconf 80' lang='lat' dir='ltr'>ET</span> <span class='ocrx_word' id='word_1_4' title='bbox 997 223 1187 252; x_wconf 74' lang='lat' dir='ltr'>PATuws</span> <span class='ocrx_word' id='word_1_5' title='bbox 1222 222 1319 251; x_wconf 75' lang='lat' dir='ltr'>Elvs</span> <span class='ocrx_word' id='word_1_6' title='bbox 1702 213 1784 252; x_wconf 78' lang='lat'>435</span> 
     </span>
    </p>
   </div>
   <div class='ocr_carea' id='block_1_2' title="bbox 100 339 1795 2366">
    <p class='ocr_par' dir='ltr' id='par_1_2' title="bbox 100 339 1795 2208">
     <span class='ocr_line' id='line_1_2' title="bbox 209 339 1787 393; baseline -0.001 -12"><span class='ocrx_word' id='word_1_7' title='bbox 209 340 285 380; x_wconf 88' lang='lat'><em>111.</em></span> <span class='ocrx_word' id='word_1_8' title='bbox 351 340 570 381; x_wconf 88' lang='lat' dir='ltr'>Sanctum</span> <span class='ocrx_word' id='word_1_9' title='bbox 605 351 792 393; x_wconf 86' lang='lat' dir='ltr'>quoque</span> <span class='ocrx_word' id='word_1_10' title='bbox 827 339 1127 385; x_wconf 67' lang='lat' dir='ltr'>Bernardum,</span> <span class='ocrx_word' id='word_1_11' title='bbox 1178 339 1603 380; x_wconf 86' lang='lat' dir='ltr'>reuerentissimum</span> <span class='ocrx_word' id='word_1_12' title='bbox 1640 339 1787 380; x_wconf 88' lang='lat' dir='ltr'>Clare-</span> 
     </span>
     <span class='ocr_line' id='line_1_3' title="bbox 123 411 1787 463; baseline -0.001 -10"><span class='ocrx_word' id='word_1_13' title='bbox 123 413 256 454; x_wconf 89' lang='lat' dir='ltr'>uallis</span> <span class='ocrx_word' id='word_1_14' title='bbox 289 412 520 463; x_wconf 80' lang='lat' dir='ltr'>abbatem,</span> <span class='ocrx_word' id='word_1_15' title='bbox 553 411 657 452; x_wconf 87' lang='lat' dir='ltr'>licet</span> <span class='ocrx_word' id='word_1_16' title='bbox 689 411 870 462; x_wconf 84' lang='lat' dir='ltr'>longius</span> <span class='ocrx_word' id='word_1_17' title='bbox 903 424 927 451; x_wconf 90' lang='lat' dir='ltr'>a</span> <span class='ocrx_word' id='word_1_18' title='bbox 962 425 1007 451; x_wconf 90' lang='lat' dir='ltr'>se</span> <span class='ocrx_word' id='word_1_19' title='bbox 1041 416 1288 463; x_wconf 87' lang='lat' dir='ltr'>remotum,</span> <span class='ocrx_word' id='word_1_20' title='bbox 1321 412 1455 452; x_wconf 88' lang='lat' dir='ltr'>vnico</span> <span class='ocrx_word' id='word_1_21' title='bbox 1480 412 1787 452; x_wconf 80' lang='lat' dir='ltr'>venerabatur</span> 
     </span>
     <span class='ocr_line' id='line_1_4' title="bbox 122 483 1788 539; baseline -0.001 -13"><span class='ocrx_word' id='word_1_22' title='bbox 122 486 301 537; x_wconf 87' lang='lat' dir='ltr'>affectu,</span> <span class='ocrx_word' id='word_1_23' title='bbox 350 485 484 526; x_wconf 82' lang='lat' dir='ltr'>vnica</span> <span class='ocrx_word' id='word_1_24' title='bbox 525 483 782 525; x_wconf 90' lang='lat' dir='ltr'>deuocione</span> <span class='ocrx_word' id='word_1_25' title='bbox 823 484 1014 524; x_wconf 86' lang='lat' dir='ltr'>colebat.</span> <span class='ocrx_word' id='word_1_26' title='bbox 1079 485 1173 525; x_wconf 90' lang='lat' dir='ltr'>Nec</span> <span class='ocrx_word' id='word_1_27' title='bbox 1216 488 1459 526; x_wconf 88' lang='lat' dir='ltr'>contentus</span> <span class='ocrx_word' id='word_1_28' title='bbox 1502 489 1568 525; x_wconf 88' lang='lat' dir='ltr'>est</span> <span class='ocrx_word' id='word_1_29' title='bbox 1600 485 1645 525; x_wconf 89' lang='lat' dir='ltr'>in</span> <span class='ocrx_word' id='word_1_30' title='bbox 1680 484 1788 539; x_wconf 84' lang='lat' dir='ltr'>filijs</span> 
     </span>
     <span class='ocr_line' id='line_1_5' title="bbox 122 557 1788 610; baseline -0.001 -10"><span class='ocrx_word' id='word_1_31' title='bbox 122 572 227 600; x_wconf 91' lang='lat' dir='ltr'>eum</span> <span class='ocrx_word' id='word_1_32' title='bbox 262 559 430 610; x_wconf 86' lang='lat' dir='ltr'>videre,</span> <span class='ocrx_word' id='word_1_33' title='bbox 463 570 571 598; x_wconf 90' lang='lat' dir='ltr'>cum</span> <span class='ocrx_word' id='word_1_34' title='bbox 604 569 780 598; x_wconf 89' lang='lat' dir='ltr'>nouum</span> <span class='ocrx_word' id='word_1_35' title='bbox 816 557 1063 598; x_wconf 82' lang='lat' dir='ltr'>cenobium</span> <span class='ocrx_word' id='word_1_36' title='bbox 1098 557 1372 598; x_wconf 86' lang='lat' dir='ltr'>extruxisset</span> <span class='ocrx_word' id='word_1_37' title='bbox 1405 562 1446 598; x_wconf 90' lang='lat' dir='ltr'>et</span> <span class='ocrx_word' id='word_1_38' title='bbox 1478 558 1536 598; x_wconf 90' lang='lat' dir='ltr'>ab</span> <span class='ocrx_word' id='word_1_39' title='bbox 1570 571 1637 609; x_wconf 89' lang='lat' dir='ltr'>eo,</span> <span class='ocrx_word' id='word_1_40' title='bbox 1671 558 1788 598; x_wconf 90' lang='lat' dir='ltr'>sicut</span> 
     </span>
     <span class='ocr_line' id='line_1_6' title="bbox 122 630 1787 686; baseline -0.001 -13"><span class='ocrx_word' id='word_1_41' title='bbox 122 632 422 686; x_wconf 75' lang='lat' dir='ltr'>prediximus,</span> <span class='ocrx_word' id='word_1_42' title='bbox 470 630 781 671; x_wconf 90' lang='lat' dir='ltr'>desideratum</span> <span class='ocrx_word' id='word_1_43' title='bbox 821 642 949 670; x_wconf 82' lang='lat' dir='ltr'>sacre</span> <span class='ocrx_word' id='word_1_44' title='bbox 989 631 1365 682; x_wconf 75' lang='lat' dir='ltr'>congregacionis</span> <span class='ocrx_word' id='word_1_45' title='bbox 1409 643 1601 671; x_wconf 79' lang='lat' dir='ltr'>examen</span> <span class='ocrx_word' id='word_1_46' title='bbox 1646 630 1787 684; x_wconf 88' lang='lat' dir='ltr'>impe-</span> 
     </span>
     <span class='ocr_line' id='line_1_7' title="bbox 122 703 1787 758; baseline -0.001 -12"><span class='ocrx_word' id='word_1_47' title='bbox 122 710 303 746; x_wconf 88' lang='lat' dir='ltr'>trasset:</span> <span class='ocrx_word' id='word_1_48' title='bbox 353 703 583 758; x_wconf 89' lang='lat' dir='ltr'>preualuit</span> <span class='ocrx_word' id='word_1_49' title='bbox 623 704 748 756; x_wconf 90' lang='lat' dir='ltr'>apud</span> <span class='ocrx_word' id='word_1_50' title='bbox 790 716 895 743; x_wconf 86' lang='lat' dir='ltr'>eum</span> <span class='ocrx_word' id='word_1_51' title='bbox 936 703 1217 744; x_wconf 87' lang='lat' dir='ltr'>desiderium</span> <span class='ocrx_word' id='word_1_52' title='bbox 1252 704 1516 755; x_wconf 82' lang='lat' dir='ltr'>vehemens,</span> <span class='ocrx_word' id='word_1_53' title='bbox 1565 708 1613 743; x_wconf 87' lang='lat' dir='ltr'>ut</span> <span class='ocrx_word' id='word_1_54' title='bbox 1645 705 1787 744; x_wconf 92' lang='lat' dir='ltr'>homo</span> 
     </span>
     <span class='ocr_line' id='line_1_8' title="bbox 121 776 1788 831; baseline -0.002 -12"><span class='ocrx_word' id='word_1_55' title='bbox 121 782 246 819; x_wconf 89' lang='lat' dir='ltr'>tante</span> <span class='ocrx_word' id='word_1_56' title='bbox 293 776 580 818; x_wconf 73' lang='lat' dir='ltr'>auctoritatis</span> <span class='ocrx_word' id='word_1_57' title='bbox 628 780 668 816; x_wconf 90' lang='lat' dir='ltr'>et</span> <span class='ocrx_word' id='word_1_58' title='bbox 717 776 762 816; x_wconf 85' lang='lat' dir='ltr'>in</span> <span class='ocrx_word' id='word_1_59' title='bbox 810 776 975 816; x_wconf 85' lang='lat' dir='ltr'>insulis</span> <span class='ocrx_word' id='word_1_60' title='bbox 1024 776 1113 816; x_wconf 90' lang='lat' dir='ltr'>illis</span> <span class='ocrx_word' id='word_1_61' title='bbox 1160 779 1254 816; x_wconf 89' lang='lat' dir='ltr'>tam</span> <span class='ocrx_word' id='word_1_62' title='bbox 1299 777 1607 818; x_wconf 88' lang='lat' dir='ltr'>ecclesiastica</span> <span class='ocrx_word' id='word_1_63' title='bbox 1646 790 1788 831; x_wconf 86' lang='lat' dir='ltr'>quam</span> 
     </span>
     <span class='ocr_line' id='line_1_9' title="bbox 124 848 1789 903; baseline -0.002 -10"><span class='ocrx_word' id='word_1_64' title='bbox 124 850 319 893; x_wconf 84' lang='lat' dir='ltr'>seculari</span> <span class='ocrx_word' id='word_1_65' title='bbox 351 848 622 891; x_wconf 89' lang='lat' dir='ltr'>auctoritate</span> <span class='ocrx_word' id='word_1_66' title='bbox 656 849 949 902; x_wconf 83' lang='lat' dir='ltr'>singulariter</span> <span class='ocrx_word' id='word_1_67' title='bbox 980 853 1155 903; x_wconf 88' lang='lat' dir='ltr'>potens,</span> <span class='ocrx_word' id='word_1_68' title='bbox 1189 849 1407 903; x_wconf 87' lang='lat' dir='ltr'>expositis</span> <span class='ocrx_word' id='word_1_69' title='bbox 1436 850 1531 890; x_wconf 89' lang='lat' dir='ltr'>suis</span> <span class='ocrx_word' id='word_1_70' title='bbox 1555 849 1789 899; x_wconf 89' lang='lat' dir='ltr'>omnibus,</span> 
     </span>
     <span class='ocr_line' id='line_1_10' title="bbox 123 922 1789 976; baseline -0.002 -11"><span class='ocrx_word' id='word_1_71' title='bbox 123 925 270 966; x_wconf 90' lang='lat' dir='ltr'>eciam</span> <span class='ocrx_word' id='word_1_72' title='bbox 311 923 611 976; x_wconf 87' lang='lat' dir='ltr'>semetipsum</span> <span class='ocrx_word' id='word_1_73' title='bbox 652 922 870 976; x_wconf 88' lang='lat' dir='ltr'>periculis</span> <span class='ocrx_word' id='word_1_74' title='bbox 910 922 1067 963; x_wconf 86' lang='lat' dir='ltr'>multis</span> <span class='ocrx_word' id='word_1_75' title='bbox 1109 925 1307 964; x_wconf 89' lang='lat' dir='ltr'>traderet</span> <span class='ocrx_word' id='word_1_76' title='bbox 1344 927 1384 963; x_wconf 89' lang='lat' dir='ltr'>et</span> <span class='ocrx_word' id='word_1_77' title='bbox 1432 923 1592 964; x_wconf 86' lang='lat' dir='ltr'>labori.</span> <span class='ocrx_word' id='word_1_78' title='bbox 1656 923 1789 963; x_wconf 87' lang='lat' dir='ltr'>Venit</span> 
     </span>
     <span class='ocr_line' id='line_1_11' title="bbox 122 996 1789 1051; baseline -0.001 -13"><span class='ocrx_word' id='word_1_79' title='bbox 122 997 260 1051; x_wconf 86' lang='lat' dir='ltr'>igitur</span> <span class='ocrx_word' id='word_1_80' title='bbox 278 996 636 1038; x_wconf 89' lang='lat' dir='ltr'>Claramuallem</span> <span class='ocrx_word' id='word_1_81' title='bbox 663 1008 861 1049; x_wconf 86' lang='lat' dir='ltr'>persona</span> <span class='ocrx_word' id='word_1_82' title='bbox 886 996 1077 1036; x_wconf 90' lang='lat' dir='ltr'>humilis</span> <span class='ocrx_word' id='word_1_83' title='bbox 1097 1000 1138 1036; x_wconf 89' lang='lat' dir='ltr'>et</span> <span class='ocrx_word' id='word_1_84' title='bbox 1157 996 1386 1045; x_wconf 90' lang='lat' dir='ltr'>sublimis,</span> <span class='ocrx_word' id='word_1_85' title='bbox 1411 1009 1552 1049; x_wconf 87' lang='lat' dir='ltr'>quam</span> <span class='ocrx_word' id='word_1_86' title='bbox 1571 1009 1596 1036; x_wconf 89' lang='lat' dir='ltr'>a</span> <span class='ocrx_word' id='word_1_87' title='bbox 1616 996 1789 1036; x_wconf 89' lang='lat' dir='ltr'>finibus</span> 
     </span>
     <span class='ocr_line' id='line_1_12' title="bbox 123 1068 1791 1123; baseline -0.001 -13"><span class='ocrx_word' id='word_1_88' title='bbox 123 1075 239 1112; x_wconf 84' lang='lat' dir='ltr'>terre</span> <span class='ocrx_word' id='word_1_89' title='bbox 287 1083 379 1111; x_wconf 91' lang='lat' dir='ltr'>non</span> <span class='ocrx_word' id='word_1_90' title='bbox 428 1068 670 1109; x_wconf 89' lang='lat' dir='ltr'>curiositas</span> <span class='ocrx_word' id='word_1_91' title='bbox 719 1069 949 1110; x_wconf 87' lang='lat' dir='ltr'>audiende</span> <span class='ocrx_word' id='word_1_92' title='bbox 997 1069 1241 1123; x_wconf 81' lang='lat' dir='ltr'>sapientie,</span> <span class='ocrx_word' id='word_1_93' title='bbox 1295 1070 1374 1110; x_wconf 90' lang='lat' dir='ltr'>sed</span> <span class='ocrx_word' id='word_1_94' title='bbox 1422 1069 1529 1109; x_wconf 86' lang='lat' dir='ltr'>fidei</span> <span class='ocrx_word' id='word_1_95' title='bbox 1577 1069 1701 1109; x_wconf 85' lang='lat' dir='ltr'>zelus</span> <span class='ocrx_word' id='word_1_96' title='bbox 1750 1072 1791 1109; x_wconf 90' lang='lat' dir='ltr'>et</span> 
     </span>
     <span class='ocr_line' id='line_1_13' title="bbox 125 1141 1787 1197; baseline -0.002 -13"><span class='ocrx_word' id='word_1_97' title='bbox 125 1142 363 1197; x_wconf 86' lang='lat' dir='ltr'>plenitudo</span> <span class='ocrx_word' id='word_1_98' title='bbox 396 1141 667 1183; x_wconf 89' lang='lat' dir='ltr'>deuocionis</span> <span class='ocrx_word' id='word_1_99' title='bbox 700 1146 957 1183; x_wconf 84' lang='lat' dir='ltr'>attraxerat.</span> <span class='ocrx_word' id='word_1_100' title='bbox 1009 1142 1094 1183; x_wconf 89' lang='lat' dir='ltr'>Vbi</span> <span class='ocrx_word' id='word_1_101' title='bbox 1125 1146 1351 1196; x_wconf 88' lang='lat' dir='ltr'>quantum</span> <span class='ocrx_word' id='word_1_102' title='bbox 1380 1142 1571 1194; x_wconf 88' lang='lat' dir='ltr'>sseuerit,</span> <span class='ocrx_word' id='word_1_103' title='bbox 1604 1143 1787 1197; x_wconf 86' lang='lat' dir='ltr'>qualem</span> 
     </span>
     <span class='ocr_line' id='line_1_14' title="bbox 125 1215 1789 1270; baseline -0.001 -13"><span class='ocrx_word' id='word_1_104' title='bbox 125 1229 224 1257; x_wconf 89' lang='lat' dir='ltr'>sese</span> <span class='ocrx_word' id='word_1_105' title='bbox 266 1229 359 1256; x_wconf 91' lang='lat' dir='ltr'>non</span> <span class='ocrx_word' id='word_1_106' title='bbox 401 1215 542 1256; x_wconf 89' lang='lat' dir='ltr'>modo</span> <span class='ocrx_word' id='word_1_107' title='bbox 585 1226 689 1267; x_wconf 84' lang='lat' dir='ltr'>erga</span> <span class='ocrx_word' id='word_1_108' title='bbox 730 1228 851 1263; x_wconf 77' lang='lat' dir='ltr'>eum,</span> <span class='ocrx_word' id='word_1_109' title='bbox 899 1229 1036 1270; x_wconf 89' lang='lat' dir='ltr'>quem</span> <span class='ocrx_word' id='word_1_110' title='bbox 1076 1220 1169 1257; x_wconf 90' lang='lat' dir='ltr'>tam</span> <span class='ocrx_word' id='word_1_111' title='bbox 1204 1215 1336 1257; x_wconf 85' lang='lat' dir='ltr'>vnice</span> <span class='ocrx_word' id='word_1_112' title='bbox 1369 1215 1663 1268; x_wconf 86' lang='lat' dir='ltr'>suspiciebat,</span> <span class='ocrx_word' id='word_1_113' title='bbox 1711 1216 1789 1255; x_wconf 88' lang='lat' dir='ltr'>sed</span> 
     </span>
     <span class='ocr_line' id='line_1_15' title="bbox 126 1288 1791 1343; baseline -0.002 -13"><span class='ocrx_word' id='word_1_114' title='bbox 126 1289 272 1330; x_wconf 83' lang='lat' dir='ltr'>eciam</span> <span class='ocrx_word' id='word_1_115' title='bbox 319 1299 424 1340; x_wconf 83' lang='lat' dir='ltr'>erga</span> <span class='ocrx_word' id='word_1_116' title='bbox 472 1288 693 1329; x_wconf 90' lang='lat' dir='ltr'>minimos</span> <span class='ocrx_word' id='word_1_117' title='bbox 741 1288 971 1343; x_wconf 90' lang='lat' dir='ltr'>quoslibet</span> <span class='ocrx_word' id='word_1_118' title='bbox 1019 1289 1212 1330; x_wconf 81' lang='lat' dir='ltr'>fratrum</span> <span class='ocrx_word' id='word_1_119' title='bbox 1260 1288 1542 1339; x_wconf 80' lang='lat' dir='ltr'>exhibuerit,</span> <span class='ocrx_word' id='word_1_120' title='bbox 1590 1301 1681 1328; x_wconf 91' lang='lat' dir='ltr'>non</span> <span class='ocrx_word' id='word_1_121' title='bbox 1726 1291 1791 1327; x_wconf 89' lang='lat' dir='ltr'>est</span> 
     </span>
     <span class='ocr_line' id='line_1_16' title="bbox 125 1361 1790 1416; baseline -0.002 -13"><span class='ocrx_word' id='word_1_122' title='bbox 125 1361 257 1403; x_wconf 78' lang='lat' dir='ltr'>facile</span> <span class='ocrx_word' id='word_1_123' title='bbox 290 1361 429 1402; x_wconf 90' lang='lat' dir='ltr'>dictu.</span> <span class='ocrx_word' id='word_1_124' title='bbox 496 1362 696 1402; x_wconf 87' lang='lat' dir='ltr'>Demum</span> <span class='ocrx_word' id='word_1_125' title='bbox 730 1363 962 1403; x_wconf 88' lang='lat' dir='ltr'>rediturus</span> <span class='ocrx_word' id='word_1_126' title='bbox 995 1363 1052 1403; x_wconf 89' lang='lat' dir='ltr'>ad</span> <span class='ocrx_word' id='word_1_127' title='bbox 1087 1362 1288 1416; x_wconf 90' lang='lat' dir='ltr'>propria,</span> <span class='ocrx_word' id='word_1_128' title='bbox 1338 1366 1385 1402; x_wconf 92' lang='lat' dir='ltr'>ut</span> <span class='ocrx_word' id='word_1_129' title='bbox 1426 1361 1720 1403; x_wconf 89' lang='lat' dir='ltr'>benedictum</span> <span class='ocrx_word' id='word_1_130' title='bbox 1765 1373 1790 1400; x_wconf 91' lang='lat' dir='ltr'>a</span> 
     </span>
     <span class='ocr_line' id='line_1_17' title="bbox 125 1428 1790 1489; baseline -0.002 -13"><span class='ocrx_word' id='word_1_131' title='bbox 125 1436 301 1476; x_wconf 90' lang='lat' dir='ltr'>famulo</span> <span class='ocrx_word' id='word_1_132' title='bbox 332 1435 405 1475; x_wconf 89' lang='lat' dir='ltr'>dei</span> <span class='ocrx_word' id='word_1_133' title='bbox 430 1448 594 1488; x_wconf 88' lang='lat' dir='ltr'>panem</span> <span class='ocrx_word' id='word_1_134' title='bbox 620 1435 788 1476; x_wconf 85' lang='lat' dir='ltr'>referre</span> <span class='ocrx_word' id='word_1_135' title='bbox 810 1440 965 1489; x_wconf 87' lang='lat' dir='ltr'>posset</span> <span class='ocrx_word' id='word_1_136' title='bbox 988 1440 1030 1476; x_wconf 90' lang='lat' dir='ltr'>et</span> <span class='ocrx_word' id='word_1_137' title='bbox 1051 1436 1233 1476; x_wconf 91' lang='lat' dir='ltr'>diucius</span> <span class='ocrx_word' id='word_1_138' title='bbox 1258 1428 1550 1483; x_wconf 83' lang='lat' dir='ltr'>conseruare,</span> <span class='ocrx_word' id='word_1_139' title='bbox 1583 1435 1790 1474; x_wconf 87' lang='lat' dir='ltr'>humano</span> 
     </span>
     <span class='ocr_line' id='line_1_18' title="bbox 127 1507 1791 1562; baseline -0.002 -13"><span class='ocrx_word' id='word_1_140' title='bbox 127 1521 265 1550; x_wconf 91' lang='lat' dir='ltr'>sensu</span> <span class='ocrx_word' id='word_1_141' title='bbox 304 1508 519 1562; x_wconf 90' lang='lat' dir='ltr'>precepit,</span> <span class='ocrx_word' id='word_1_142' title='bbox 569 1512 617 1549; x_wconf 90' lang='lat' dir='ltr'>ut</span> <span class='ocrx_word' id='word_1_143' title='bbox 656 1508 701 1548; x_wconf 89' lang='lat' dir='ltr'>in</span> <span class='ocrx_word' id='word_1_144' title='bbox 743 1507 926 1549; x_wconf 89' lang='lat' dir='ltr'>clibano</span> <span class='ocrx_word' id='word_1_145' title='bbox 967 1513 1306 1562; x_wconf 83' lang='lat' dir='ltr'>recoqueretur,</span> <span class='ocrx_word' id='word_1_146' title='bbox 1354 1508 1472 1548; x_wconf 91' lang='lat' dir='ltr'>sicut</span> <span class='ocrx_word' id='word_1_147' title='bbox 1504 1508 1665 1557; x_wconf 87' lang='lat' dir='ltr'>solent,</span> <span class='ocrx_word' id='word_1_148' title='bbox 1713 1507 1791 1560; x_wconf 87' lang='lat' dir='ltr'>qui</span> 
     </span>
     <span class='ocr_line' id='line_1_19' title="bbox 127 1581 1791 1635; baseline -0.001 -13"><span class='ocrx_word' id='word_1_149' title='bbox 127 1582 273 1622; x_wconf 89' lang='lat' dir='ltr'>maria</span> <span class='ocrx_word' id='word_1_150' title='bbox 305 1586 560 1634; x_wconf 88' lang='lat' dir='ltr'>transeunt,</span> <span class='ocrx_word' id='word_1_151' title='bbox 593 1595 759 1635; x_wconf 88' lang='lat' dir='ltr'>panem</span> <span class='ocrx_word' id='word_1_152' title='bbox 795 1582 911 1623; x_wconf 82' lang='lat' dir='ltr'>ferre</span> <span class='ocrx_word' id='word_1_153' title='bbox 945 1582 1014 1623; x_wconf 90' lang='lat' dir='ltr'>bis</span> <span class='ocrx_word' id='word_1_154' title='bbox 1044 1586 1241 1623; x_wconf 88' lang='lat' dir='ltr'>coctum.</span> <span class='ocrx_word' id='word_1_155' title='bbox 1292 1581 1377 1622; x_wconf 88' lang='lat' dir='ltr'>Sed</span> <span class='ocrx_word' id='word_1_156' title='bbox 1411 1581 1557 1621; x_wconf 87' lang='lat' dir='ltr'>abbas</span> <span class='ocrx_word' id='word_1_157' title='bbox 1591 1585 1791 1627; x_wconf 70' lang='lat' dir='ltr'>sanctus,</span> 
     </span>
     <span class='ocr_line' id='line_1_20' title="bbox 100 1653 1790 1708; baseline -0.001 -13"><span class='ocrx_word' id='word_1_158' title='bbox 100 1662 103 1664; x_wconf 78' lang='grc'><strong>’</strong></span> <span class='ocrx_word' id='word_1_159' title='bbox 127 1654 433 1695; x_wconf 85' lang='lat' dir='ltr'>amicabiliter</span> <span class='ocrx_word' id='word_1_160' title='bbox 458 1666 656 1707; x_wconf 79' lang='lat' dir='ltr'>arguens</span> <span class='ocrx_word' id='word_1_161' title='bbox 680 1655 727 1695; x_wconf 91' lang='lat' dir='ltr'>in</span> <span class='ocrx_word' id='word_1_162' title='bbox 753 1655 841 1696; x_wconf 89' lang='lat' dir='ltr'>hac</span> <span class='ocrx_word' id='word_1_163' title='bbox 864 1659 991 1708; x_wconf 88' lang='lat' dir='ltr'>parte</span> <span class='ocrx_word' id='word_1_164' title='bbox 1018 1655 1157 1696; x_wconf 89' lang='lat' dir='ltr'>fidem</span> <span class='ocrx_word' id='word_1_165' title='bbox 1184 1655 1282 1695; x_wconf 89' lang='lat' dir='ltr'>eius</span> <span class='ocrx_word' id='word_1_166' title='bbox 1308 1654 1542 1695; x_wconf 87' lang='lat' dir='ltr'>modicam</span> <span class='ocrx_word' id='word_1_167' title='bbox 1571 1653 1790 1694; x_wconf 88' lang='lat' dir='ltr'>inueniri:</span> 
     </span>
     <span class='ocr_line' id='line_1_21' title="bbox 133 1726 1793 1782; baseline -0.001 -15"><span class='ocrx_word' id='word_1_168' title='bbox 133 1728 309 1768; x_wconf 67' lang='lat' dir='ltr'>»Itane«</span> <span class='ocrx_word' id='word_1_169' title='bbox 360 1727 512 1782; x_wconf 87' lang='lat' dir='ltr'>inquit</span> <span class='ocrx_word' id='word_1_170' title='bbox 563 1742 680 1769; x_wconf 69' lang='lat' dir='ltr'>»non</span> <span class='ocrx_word' id='word_1_171' title='bbox 722 1729 885 1782; x_wconf 81' lang='lat' dir='ltr'>poterit</span> <span class='ocrx_word' id='word_1_172' title='bbox 927 1728 1187 1769; x_wconf 79' lang='lat' dir='ltr'>benedictio</span> <span class='ocrx_word' id='word_1_173' title='bbox 1237 1728 1390 1781; x_wconf 90' lang='lat' dir='ltr'>ipsum</span> <span class='ocrx_word' id='word_1_174' title='bbox 1434 1740 1601 1781; x_wconf 87' lang='lat' dir='ltr'>panem</span> <span class='ocrx_word' id='word_1_175' title='bbox 1648 1726 1793 1778; x_wconf 81' lang='lat' dir='ltr'>magis</span> 
     </span>
     <span class='ocr_line' id='line_1_22' title="bbox 128 1799 1793 1856; baseline -0.001 -15"><span class='ocrx_word' id='word_1_176' title='bbox 128 1814 268 1855; x_wconf 89' lang='lat' dir='ltr'>quam</span> <span class='ocrx_word' id='word_1_177' title='bbox 322 1801 522 1842; x_wconf 85' lang='lat' dir='ltr'>recoctio</span> <span class='ocrx_word' id='word_1_178' title='bbox 576 1805 908 1843; x_wconf 79' lang='lat' dir='ltr'>conserua1·e‘?«</span> <span class='ocrx_word' id='word_1_179' title='bbox 1000 1802 1055 1842; x_wconf 90' lang='lat' dir='ltr'>Et</span> <span class='ocrx_word' id='word_1_180' title='bbox 1101 1815 1195 1843; x_wconf 88' lang='lat' dir='ltr'>non</span> <span class='ocrx_word' id='word_1_181' title='bbox 1245 1801 1477 1856; x_wconf 86' lang='lat' dir='ltr'>acquieuit</span> <span class='ocrx_word' id='word_1_182' title='bbox 1526 1799 1793 1840; x_wconf 79' lang='lat' dir='ltr'>benedicere</span> 
     </span>
     <span class='ocr_line' id='line_1_23' title="bbox 128 1872 1793 1928; baseline -0.001 -14"><span class='ocrx_word' id='word_1_183' title='bbox 128 1873 274 1923; x_wconf 89' lang='lat' dir='ltr'>illum,</span> <span class='ocrx_word' id='word_1_184' title='bbox 325 1874 402 1915; x_wconf 91' lang='lat' dir='ltr'>sed</span> <span class='ocrx_word' id='word_1_185' title='bbox 443 1887 743 1915; x_wconf 88' lang='lat' dir='ltr'>communem</span> <span class='ocrx_word' id='word_1_186' title='bbox 785 1888 952 1928; x_wconf 88' lang='lat' dir='ltr'>panem</span> <span class='ocrx_word' id='word_1_187' title='bbox 994 1875 1081 1916; x_wconf 89' lang='lat' dir='ltr'>sibi</span> <span class='ocrx_word' id='word_1_188' title='bbox 1123 1875 1382 1928; x_wconf 86' lang='lat' dir='ltr'>precipiens</span> <span class='ocrx_word' id='word_1_189' title='bbox 1422 1872 1626 1914; x_wconf 86' lang='lat' dir='ltr'>exhiberi</span> <span class='ocrx_word' id='word_1_190' title='bbox 1661 1873 1793 1913; x_wconf 89' lang='lat' dir='ltr'>bene-</span> 
     </span>
     <span class='ocr_line' id='line_1_24' title="bbox 129 1946 1793 1998; baseline -0.001 -11"><span class='ocrx_word' id='word_1_191' title='bbox 129 1947 242 1987; x_wconf 86' lang='lat' dir='ltr'>dixit</span> <span class='ocrx_word' id='word_1_192' title='bbox 290 1952 331 1988; x_wconf 88' lang='lat' dir='ltr'>et</span> <span class='ocrx_word' id='word_1_193' title='bbox 379 1947 458 1988; x_wconf 89' lang='lat' dir='ltr'>ait:</span> <span class='ocrx_word' id='word_1_194' title='bbox 527 1948 670 1989; x_wconf 70' lang='lat' dir='ltr'>»Ecce</span> <span class='ocrx_word' id='word_1_195' title='bbox 718 1949 844 1989; x_wconf 89' lang='lat' dir='ltr'>hunc</span> <span class='ocrx_word' id='word_1_196' title='bbox 892 1949 1001 1990; x_wconf 86' lang='lat' dir='ltr'>tolle</span> <span class='ocrx_word' id='word_1_197' title='bbox 1047 1953 1222 1997; x_wconf 87' lang='lat' dir='ltr'>tecum,</span> <span class='ocrx_word' id='word_1_198' title='bbox 1284 1947 1427 1988; x_wconf 86' lang='lat' dir='ltr'>nichil</span> <span class='ocrx_word' id='word_1_199' title='bbox 1474 1946 1691 1998; x_wconf 83' lang='lat' dir='ltr'>deinceps</span> <span class='ocrx_word' id='word_1_200' title='bbox 1738 1946 1793 1985; x_wconf 83' lang='lat' dir='ltr'>de</span> 
     </span>
     <span class='ocr_line' id='line_1_25' title="bbox 131 2018 1792 2074; baseline -0.002 -14"><span class='ocrx_word' id='word_1_201' title='bbox 131 2020 427 2073; x_wconf 89' lang='lat' dir='ltr'>corruptione</span> <span class='ocrx_word' id='word_1_202' title='bbox 459 2021 723 2062; x_wconf 74' lang='lat' dir='ltr'>sollicitus«</span> <span class='ocrx_word' id='word_1_203' title='bbox 790 2021 927 2073; x_wconf 90' lang='lat' dir='ltr'>Tulit,</span> <span class='ocrx_word' id='word_1_204' title='bbox 975 2026 1018 2062; x_wconf 87' lang='lat' dir='ltr'>et</span> <span class='ocrx_word' id='word_1_205' title='bbox 1054 2022 1111 2062; x_wconf 91' lang='lat' dir='ltr'>ad</span> <span class='ocrx_word' id='word_1_206' title='bbox 1155 2034 1264 2062; x_wconf 88' lang='lat' dir='ltr'>suos</span> <span class='ocrx_word' id='word_1_207' title='bbox 1305 2033 1384 2074; x_wconf 89' lang='lat' dir='ltr'>per</span> <span class='ocrx_word' id='word_1_208' title='bbox 1426 2019 1569 2059; x_wconf 85' lang='lat' dir='ltr'>multa</span> <span class='ocrx_word' id='word_1_209' title='bbox 1603 2018 1792 2072; x_wconf 83' lang='lat' dir='ltr'>quidem</span> 
     </span>
     <span class='ocr_line' id='line_1_26' title="bbox 130 2091 1795 2147; baseline -0.002 -14"><span class='ocrx_word' id='word_1_210' title='bbox 130 2098 246 2134; x_wconf 88' lang='lat' dir='ltr'>terre</span> <span class='ocrx_word' id='word_1_211' title='bbox 286 2098 328 2134; x_wconf 92' lang='lat' dir='ltr'>et</span> <span class='ocrx_word' id='word_1_212' title='bbox 369 2093 509 2134; x_wconf 88' lang='lat' dir='ltr'>maris</span> <span class='ocrx_word' id='word_1_213' title='bbox 552 2094 706 2147; x_wconf 89' lang='lat' dir='ltr'>spacia</span> <span class='ocrx_word' id='word_1_214' title='bbox 748 2107 966 2147; x_wconf 87' lang='lat' dir='ltr'>prospere</span> <span class='ocrx_word' id='word_1_215' title='bbox 1006 2095 1189 2136; x_wconf 83' lang='lat' dir='ltr'>rediens</span> <span class='ocrx_word' id='word_1_216' title='bbox 1229 2093 1525 2146; x_wconf 75' lang='lat' dir='ltr'>gloriabatur,</span> <span class='ocrx_word' id='word_1_217' title='bbox 1574 2091 1679 2131; x_wconf 82' lang='lat' dir='ltr'>fidei</span> <span class='ocrx_word' id='word_1_218' title='bbox 1714 2104 1795 2130; x_wconf 83' lang='lat' dir='ltr'>sue</span> 
     </span>
     <span class='ocr_line' id='line_1_27' title="bbox 132 2166 1379 2208; baseline -0.001 -1"><span class='ocrx_word' id='word_1_219' title='bbox 132 2166 363 2207; x_wconf 86' lang='lat' dir='ltr'>defectum</span> <span class='ocrx_word' id='word_1_220' title='bbox 396 2166 746 2207; x_wconf 87' lang='lat' dir='ltr'>euidentissima</span> <span class='ocrx_word' id='word_1_221' title='bbox 778 2167 843 2208; x_wconf 88' lang='lat' dir='ltr'>rei</span> <span class='ocrx_word' id='word_1_222' title='bbox 876 2167 1064 2208; x_wconf 85' lang='lat' dir='ltr'>veritate</span> <span class='ocrx_word' id='word_1_223' title='bbox 1096 2167 1379 2208; x_wconf 87' lang='lat' dir='ltr'>conuictum.</span> 
     </span>
    </p>

    <p class='ocr_par' dir='ltr' id='par_1_3' title="bbox 131 2237 1795 2366">
     <span class='ocr_line' id='line_1_28' title="bbox 219 2237 1794 2293; baseline -0.003 -13"><span class='ocrx_word' id='word_1_224' title='bbox 219 2240 289 2280; x_wconf 93' lang='lat' dir='ltr'>IV.</span> <span class='ocrx_word' id='word_1_225' title='bbox 344 2240 469 2280; x_wconf 85' lang='lat' dir='ltr'>Haut</span> <span class='ocrx_word' id='word_1_226' title='bbox 501 2239 646 2280; x_wconf 89' lang='lat' dir='ltr'>multo</span> <span class='ocrx_word' id='word_1_227' title='bbox 680 2253 788 2280; x_wconf 83' lang='lat' dir='ltr'>vero</span> <span class='ocrx_word' id='word_1_228' title='bbox 822 2245 925 2293; x_wconf 84' lang='lat' dir='ltr'>post</span> <span class='ocrx_word' id='word_1_229' title='bbox 957 2241 1042 2281; x_wconf 88' lang='lat' dir='ltr'>hec</span> <span class='ocrx_word' id='word_1_230' title='bbox 1074 2241 1232 2293; x_wconf 91' lang='lat' dir='ltr'>elapso</span> <span class='ocrx_word' id='word_1_231' title='bbox 1264 2244 1470 2292; x_wconf 86' lang='lat' dir='ltr'>tempore</span> <span class='ocrx_word' id='word_1_232' title='bbox 1503 2237 1794 2277; x_wconf 86' lang='lat' dir='ltr'>tristissimus</span> 
     </span>
     <span class='ocr_line' id='line_1_29' title="bbox 131 2309 1795 2366; baseline -0.002 -14"><span class='ocrx_word' id='word_1_233' title='bbox 131 2325 292 2352; x_wconf 87' lang='lat' dir='ltr'>rumor</span> <span class='ocrx_word' id='word_1_234' title='bbox 332 2325 465 2353; x_wconf 83' lang='lat' dir='ltr'>aures</span> <span class='ocrx_word' id='word_1_235' title='bbox 507 2312 605 2353; x_wconf 90' lang='lat' dir='ltr'>eius</span> <span class='ocrx_word' id='word_1_236' title='bbox 649 2313 841 2366; x_wconf 82' lang='lat' dir='ltr'>perculit</span> <span class='ocrx_word' id='word_1_237' title='bbox 873 2315 928 2354; x_wconf 87' lang='lat' dir='ltr'>de</span> <span class='ocrx_word' id='word_1_238' title='bbox 961 2313 1248 2354; x_wconf 84' lang='lat' dir='ltr'>dormicione</span> <span class='ocrx_word' id='word_1_239' title='bbox 1282 2311 1401 2352; x_wconf 88' lang='lat' dir='ltr'>beati</span> <span class='ocrx_word' id='word_1_240' title='bbox 1436 2310 1533 2361; x_wconf 84' lang='lat' dir='ltr'>viri,</span> <span class='ocrx_word' id='word_1_241' title='bbox 1583 2309 1795 2362; x_wconf 75' lang='lat' dir='ltr'>specialis</span> 
     </span>
    </p>
   </div>
   <div class='ocr_carea' id='block_1_3' title="bbox 121 2472 1798 3204">
    <p class='ocr_par' dir='ltr' id='par_1_4' title="bbox 121 2472 1798 3153">
     <span class='ocr_line' id='line_1_30' title="bbox 224 2472 1792 2524; baseline -0.004 -11"><span class='ocrx_word' id='word_1_242' title='bbox 224 2479 255 2514; x_wconf 86' lang='lat'>1.</span> <span class='ocrx_word' id='word_1_243' title='bbox 291 2478 694 2513; x_wconf 84' lang='lat' dir='ltr'>reuerendissimum</span> <span class='ocrx_word' id='word_1_244' title='bbox 731 2478 771 2513; x_wconf 88' lang='lat' dir='ltr'>E.</span> <span class='ocrx_word' id='word_1_245' title='bbox 840 2479 875 2513; x_wconf 83' lang='lat'>8.</span> <span class='ocrx_word' id='word_1_246' title='bbox 908 2477 1179 2524; x_wconf 81' lang='lat' dir='ltr'>singulariter</span> <span class='ocrx_word' id='word_1_247' title='bbox 1210 2488 1289 2512; x_wconf 84' lang='lat'><em>0111.</em></span> <span class='ocrx_word' id='word_1_248' title='bbox 1332 2476 1374 2510; x_wconf 79' lang='lat' dir='ltr'>A.</span> <span class='ocrx_word' id='word_1_249' title='bbox 1466 2474 1668 2519; x_wconf 83' lang='lat' dir='ltr'>expositis</span> <span class='ocrx_word' id='word_1_250' title='bbox 1698 2472 1792 2518; x_wconf 75' lang='lat' dir='ltr'>fort.</span> 
     </span>
     <span class='ocr_line' id='line_1_31' title="bbox 138 2530 1793 2579; baseline -0.003 -9"><span class='ocrx_word' id='word_1_251' title='bbox 138 2535 404 2572; x_wconf 75' lang='lat' dir='ltr'>:dimissis</span> <span class='ocrx_word' id='word_1_252' title='bbox 472 2536 534 2572; x_wconf 87' lang='lat'>10.</span> <span class='ocrx_word' id='word_1_253' title='bbox 569 2535 846 2571; x_wconf 88' lang='lat' dir='ltr'>Clareuallem</span> <span class='ocrx_word' id='word_1_254' title='bbox 877 2535 926 2571; x_wconf 82' lang='lat' dir='ltr'>M.</span> <span class='ocrx_word' id='word_1_255' title='bbox 993 2536 1053 2570; x_wconf 79' lang='lat'>14.</span> <span class='ocrx_word' id='word_1_256' title='bbox 1088 2535 1286 2570; x_wconf 89' lang='lat' dir='ltr'>minimos</span> <span class='ocrx_word' id='word_1_257' title='bbox 1314 2531 1465 2579; x_wconf 71' lang='lat' dir='ltr'>E(M‘.&gt;);</span> <span class='ocrx_word' id='word_1_258' title='bbox 1500 2531 1723 2567; x_wconf 86' lang='lat' dir='ltr'>vniuersos</span> <span class='ocrx_word' id='word_1_259' title='bbox 1751 2530 1793 2565; x_wconf 85' lang='grc' dir='ltr'>Α.</span> 
     </span>
     <span class='ocr_line' id='line_1_32' title="bbox 121 2587 1797 2639; baseline -0.004 -11"><span class='ocrx_word' id='word_1_260' title='bbox 121 2593 314 2629; x_wconf 67' lang='grc'>”15-26.</span> <span class='ocrx_word' id='word_1_261' title='bbox 353 2592 400 2628; x_wconf 84' lang='lat' dir='ltr'>In</span> <span class='ocrx_word' id='word_1_262' title='bbox 434 2591 528 2628; x_wconf 78' lang='lat' dir='ltr'>libri</span> <span class='ocrx_word' id='word_1_263' title='bbox 558 2592 622 2630; x_wconf 93' lang='lat' dir='ltr'>IV.</span> <span class='ocrx_word' id='word_1_264' title='bbox 657 2604 744 2639; x_wconf 82' lang='lat' dir='ltr'>cap.</span> <span class='ocrx_word' id='word_1_265' title='bbox 781 2592 804 2628; x_wconf 84' lang='lat'><em>3</em></span> <span class='ocrx_word' id='word_1_266' title='bbox 842 2593 950 2628; x_wconf 85' lang='lat' dir='ltr'>illius</span> <span class='ocrx_word' id='word_1_267' title='bbox 990 2592 1122 2638; x_wconf 77' lang='lat' dir='ltr'>operis</span> <span class='ocrx_word' id='word_1_268' title='bbox 1161 2593 1209 2627; x_wconf 82' lang='lat' dir='ltr'>de</span> <span class='ocrx_word' id='word_1_269' title='bbox 1242 2590 1322 2626; x_wconf 75' lang='lat' dir='ltr'>vitu</span> <span class='ocrx_word' id='word_1_270' title='bbox 1355 2592 1390 2625; x_wconf 85' lang='lat' dir='ltr'>ei</span> <span class='ocrx_word' id='word_1_271' title='bbox 1423 2587 1636 2624; x_wconf 78' lang='lat' dir='ltr'>virtutibus</span> <span class='ocrx_word' id='word_1_272' title='bbox 1667 2588 1797 2623; x_wconf 81' lang='lat' dir='ltr'>sancii</span> 
     </span>
     <span class='ocr_line' id='line_1_33' title="bbox 137 2645 1793 2697; baseline -0.004 -11"><span class='ocrx_word' id='word_1_273' title='bbox 137 2650 342 2686; x_wconf 77' lang='lat' dir='ltr'>Bernardi</span> <span class='ocrx_word' id='word_1_274' title='bbox 381 2650 611 2696; x_wconf 79' lang='lat' dir='ltr'>conscripti,</span> <span class='ocrx_word' id='word_1_275' title='bbox 662 2650 771 2697; x_wconf 83' lang='lat' dir='ltr'>quod</span> <span class='ocrx_word' id='word_1_276' title='bbox 810 2660 935 2696; x_wconf 78' lang='lat' dir='ltr'>supra</span> <span class='ocrx_word' id='word_1_277' title='bbox 975 2661 1015 2695; x_wconf 83' lang='lat' dir='ltr'>p.</span> <span class='ocrx_word' id='word_1_278' title='bbox 1050 2649 1114 2692; x_wconf 71' lang='lat'>27,</span> <span class='ocrx_word' id='word_1_279' title='bbox 1140 2650 1192 2685; x_wconf 74' lang='lat'>20</span> <span class='ocrx_word' id='word_1_280' title='bbox 1241 2649 1280 2683; x_wconf 83' lang='lat' dir='ltr'>iu</span> <span class='ocrx_word' id='word_1_281' title='bbox 1323 2649 1418 2682; x_wconf 75' lang='lat' dir='ltr'>noia</span> <span class='ocrx_word' id='word_1_282' title='bbox 1459 2645 1793 2689; x_wconf 79' lang='lat' dir='ltr'>commemoraui,</span> 
     </span>
     <span class='ocr_line' id='line_1_34' title="bbox 140 2702 1798 2757; baseline -0.005 -13"><span class='ocrx_word' id='word_1_283' title='bbox 140 2704 364 2757; x_wconf 78' lang='lat' dir='ltr'>Gaufridus</span> <span class='ocrx_word' id='word_1_284' title='bbox 410 2707 581 2743; x_wconf 81' lang='lat' dir='ltr'>eandem</span> <span class='ocrx_word' id='word_1_285' title='bbox 629 2707 677 2744; x_wconf 85' lang='lat' dir='ltr'>de</span> <span class='ocrx_word' id='word_1_286' title='bbox 718 2717 830 2753; x_wconf 77' lang='lat' dir='ltr'>pane</span> <span class='ocrx_word' id='word_1_287' title='bbox 872 2706 1059 2752; x_wconf 80' lang='lat' dir='ltr'>fabulam</span> <span class='ocrx_word' id='word_1_288' title='bbox 1107 2704 1309 2742; x_wconf 78' lang='lat' dir='ltr'>similibus</span> <span class='ocrx_word' id='word_1_289' title='bbox 1353 2703 1437 2749; x_wconf 78' lang='lat' dir='ltr'>fere</span> <span class='ocrx_word' id='word_1_290' title='bbox 1478 2702 1607 2739; x_wconf 77' lang='lat' dir='ltr'>verbis</span> <span class='ocrx_word' id='word_1_291' title='bbox 1654 2704 1798 2738; x_wconf 78' lang='lat' dir='ltr'>narra!</span> 
     </span>
     <span class='ocr_line' id='line_1_35' title="bbox 137 2759 1798 2812; baseline -0.004 -12"><span class='ocrx_word' id='word_1_292' title='bbox 137 2775 307 2812; x_wconf 80' lang='lat' dir='ltr'>eamque</span> <span class='ocrx_word' id='word_1_293' title='bbox 330 2775 372 2802; x_wconf 85' lang='lat' dir='ltr'>se</span> <span class='ocrx_word' id='word_1_294' title='bbox 396 2764 447 2800; x_wconf 82' lang='lat' dir='ltr'>ab</span> <span class='ocrx_word' id='word_1_295' title='bbox 473 2765 560 2811; x_wconf 82' lang='lat' dir='ltr'>ipso</span> <span class='ocrx_word' id='word_1_296' title='bbox 577 2764 732 2800; x_wconf 76' lang='lat' dir='ltr'>Eslcillo</span> <span class='ocrx_word' id='word_1_297' title='bbox 758 2765 798 2800; x_wconf 83' lang='lat' dir='ltr'>in</span> <span class='ocrx_word' id='word_1_298' title='bbox 828 2763 995 2800; x_wconf 85' lang='lat' dir='ltr'>cenobio</span> <span class='ocrx_word' id='word_1_299' title='bbox 1016 2762 1309 2799; x_wconf 74' lang='lat' dir='ltr'>Clareuullensi</span> <span class='ocrx_word' id='word_1_300' title='bbox 1337 2760 1569 2807; x_wconf 79' lang='lat' dir='ltr'>hospitante</span> <span class='ocrx_word' id='word_1_301' title='bbox 1600 2759 1798 2805; x_wconf 81' lang='lat' dir='ltr'>accepisse</span> 
     </span>
     <span class='ocr_line' id='line_1_36' title="bbox 136 2816 1798 2867; baseline -0.004 -10"><span class='ocrx_word' id='word_1_302' title='bbox 136 2821 255 2867; x_wconf 80' lang='lat' dir='ltr'>dicit,·</span> <span class='ocrx_word' id='word_1_303' title='bbox 286 2822 431 2858; x_wconf 79' lang='lat' dir='ltr'>deiude</span> <span class='ocrx_word' id='word_1_304' title='bbox 461 2822 585 2866; x_wconf 79' lang='lat' dir='ltr'>addit,</span> <span class='ocrx_word' id='word_1_305' title='bbox 620 2832 660 2857; x_wconf 85' lang='lat' dir='ltr'>se</span> <span class='ocrx_word' id='word_1_306' title='bbox 690 2833 739 2857; x_wconf 75' lang='lat' dir='ltr'>ex</span> <span class='ocrx_word' id='word_1_307' title='bbox 770 2820 983 2857; x_wconf 76' lang='lat' dir='ltr'>comitibus</span> <span class='ocrx_word' id='word_1_308' title='bbox 1016 2818 1159 2856; x_wconf 77' lang='lat' dir='ltr'>Eskilli</span> <span class='ocrx_word' id='word_1_309' title='bbox 1182 2820 1307 2856; x_wconf 78' lang='lat' dir='ltr'>aliam</span> <span class='ocrx_word' id='word_1_310' title='bbox 1336 2817 1565 2854; x_wconf 80' lang='lat' dir='ltr'>mirabilem</span> <span class='ocrx_word' id='word_1_311' title='bbox 1591 2816 1798 2852; x_wconf 80' lang='lat' dir='ltr'>audiuisse</span> 
     </span>
     <span class='ocr_line' id='line_1_37' title="bbox 138 2874 1794 2924; baseline -0.004 -9"><span class='ocrx_word' id='word_1_312' title='bbox 138 2878 420 2915; x_wconf 78' lang='lat' dir='ltr'>narrationem</span> <span class='ocrx_word' id='word_1_313' title='bbox 463 2879 511 2914; x_wconf 79' lang='lat' dir='ltr'>de</span> <span class='ocrx_word' id='word_1_314' title='bbox 551 2879 751 2914; x_wconf 82' lang='lat' dir='ltr'>miraculo</span> <span class='ocrx_word' id='word_1_315' title='bbox 791 2878 941 2924; x_wconf 78' lang='lat' dir='ltr'>aliquo,</span> <span class='ocrx_word' id='word_1_316' title='bbox 988 2877 1097 2923; x_wconf 81' lang='lat' dir='ltr'>quod</span> <span class='ocrx_word' id='word_1_317' title='bbox 1129 2878 1170 2913; x_wconf 84' lang='lat' dir='ltr'>iu</span> <span class='ocrx_word' id='word_1_318' title='bbox 1204 2877 1380 2913; x_wconf 78' lang='lat' dir='ltr'>claustro</span> <span class='ocrx_word' id='word_1_319' title='bbox 1412 2875 1590 2921; x_wconf 83' lang='lat' dir='ltr'>quodam</span> <span class='ocrx_word' id='word_1_320' title='bbox 1624 2874 1794 2914; x_wconf 76' lang='lat' dir='ltr'>Danieo,</span> 
     </span>
     <span class='ocr_line' id='line_1_38' title="bbox 137 2930 1798 2981; baseline -0.004 -9"><span class='ocrx_word' id='word_1_321' title='bbox 137 2937 225 2972; x_wconf 82' lang='lat' dir='ltr'>sine</span> <span class='ocrx_word' id='word_1_322' title='bbox 262 2935 386 2972; x_wconf 84' lang='lat' dir='ltr'>dubio</span> <span class='ocrx_word' id='word_1_323' title='bbox 418 2935 666 2981; x_wconf 83' lang='lat' dir='ltr'>Esromeusi,</span> <span class='ocrx_word' id='word_1_324' title='bbox 715 2935 860 2971; x_wconf 76' lang='lat' dir='ltr'>Eskilli</span> <span class='ocrx_word' id='word_1_325' title='bbox 900 2937 1077 2980; x_wconf 82' lang='lat' dir='ltr'>tempore</span> <span class='ocrx_word' id='word_1_326' title='bbox 1106 2934 1261 2979; x_wconf 78' lang='lat' dir='ltr'>factum</span> <span class='ocrx_word' id='word_1_327' title='bbox 1295 2935 1413 2977; x_wconf 78' lang='lat' dir='ltr'>cssei,·</span> <span class='ocrx_word' id='word_1_328' title='bbox 1459 2932 1545 2968; x_wconf 74' lang='lat' dir='ltr'>Izoee</span> <span class='ocrx_word' id='word_1_329' title='bbox 1576 2930 1798 2967; x_wconf 73' lang='lat' dir='ltr'>describere</span> 
     </span>
     <span class='ocr_line' id='line_1_39' title="bbox 135 2989 1793 3039; baseline -0.003 -10"><span class='ocrx_word' id='word_1_330' title='bbox 135 2993 256 3039; x_wconf 71' lang='lat' dir='ltr'>piyet,</span> <span class='ocrx_word' id='word_1_331' title='bbox 302 2994 372 3029; x_wconf 84' lang='lat' dir='ltr'>sed</span> <span class='ocrx_word' id='word_1_332' title='bbox 411 2993 489 3030; x_wconf 81' lang='lat' dir='ltr'>vid.</span> <span class='ocrx_word' id='word_1_333' title='bbox 523 2994 606 3030; x_wconf 81' lang='lat' dir='ltr'>Act.</span> <span class='ocrx_word' id='word_1_334' title='bbox 641 2992 773 3028; x_wconf 82' lang='lat' dir='ltr'>Sanct.</span> <span class='ocrx_word' id='word_1_335' title='bbox 805 2991 879 3028; x_wconf 84' lang='lat' dir='ltr'>sub</span> <span class='ocrx_word' id='word_1_336' title='bbox 919 2992 982 3027; x_wconf 82' lang='lat' dir='ltr'>die</span> <span class='ocrx_word' id='word_1_337' title='bbox 1014 2991 1091 3027; x_wconf 86' lang='lat' dir='ltr'>XX.</span> <span class='ocrx_word' id='word_1_338' title='bbox 1125 2992 1300 3038; x_wconf 62' lang='lat' dir='ltr'>Augusti</span> <span class='ocrx_word' id='word_1_339' title='bbox 1328 3002 1368 3037; x_wconf 82' lang='grc' dir='ltr'>ρ.</span> <span class='ocrx_word' id='word_1_340' title='bbox 1405 2990 1494 3035; x_wconf 75' lang='lat'>312,</span> <span class='ocrx_word' id='word_1_341' title='bbox 1534 2990 1556 3035; x_wconf 62' lang='grc' dir='ltr'>,ξ</span> <span class='ocrx_word' id='word_1_342' title='bbox 1589 2989 1793 3025; x_wconf 65' lang='lat'>214-16</span> 
     </span>
     <span class='ocr_line' id='line_1_40' title="bbox 139 3045 1793 3096; baseline -0.004 -9"><span class='ocrx_word' id='word_1_343' title='bbox 139 3049 301 3087; x_wconf 82' lang='lat' dir='ltr'>Bonum</span> <span class='ocrx_word' id='word_1_344' title='bbox 349 3050 472 3086; x_wconf 75' lang='lat' dir='ltr'>liuius</span> <span class='ocrx_word' id='word_1_345' title='bbox 518 3050 650 3096; x_wconf 81' lang='lat' dir='ltr'>operis</span> <span class='ocrx_word' id='word_1_346' title='bbox 695 3050 872 3086; x_wconf 86' lang='lat' dir='ltr'>codicem</span> <span class='ocrx_word' id='word_1_347' title='bbox 921 3049 960 3084; x_wconf 84' lang='lat' dir='ltr'>in</span> <span class='ocrx_word' id='word_1_348' title='bbox 1002 3048 1076 3085; x_wconf 81' lang='lat' dir='ltr'>Vei.</span> <span class='ocrx_word' id='word_1_349' title='bbox 1119 3048 1214 3085; x_wconf 88' lang='lat' dir='ltr'>Coll.</span> <span class='ocrx_word' id='word_1_350' title='bbox 1258 3047 1353 3093; x_wconf 66' lang='lat' dir='ltr'>Ray.</span> <span class='ocrx_word' id='word_1_351' title='bbox 1397 3047 1471 3084; x_wconf 87' lang='lat' dir='ltr'>sub</span> <span class='ocrx_word' id='word_1_352' title='bbox 1511 3058 1548 3083; x_wconf 81' lang='lat'>11.</span> <span class='ocrx_word' id='word_1_353' title='bbox 1594 3046 1667 3082; x_wconf 86' lang='lat'>181</span> <span class='ocrx_word' id='word_1_354' title='bbox 1712 3045 1793 3081; x_wconf 89' lang='lat' dir='ltr'>FoI.</span> 
     </span>
     <span class='ocr_line' id='line_1_41' title="bbox 140 3104 1681 3153; baseline -0.003 -9"><span class='ocrx_word' id='word_1_355' title='bbox 140 3107 386 3144; x_wconf 78' lang='lat' dir='ltr'>Bibliotheca</span> <span class='ocrx_word' id='word_1_356' title='bbox 421 3108 546 3153; x_wconf 71' lang='lat' dir='ltr'>Reqia</span> <span class='ocrx_word' id='word_1_357' title='bbox 576 3107 764 3153; x_wconf 76' lang='lat' dir='ltr'>possidet,</span> <span class='ocrx_word' id='word_1_358' title='bbox 800 3105 931 3152; x_wconf 85' lang='lat' dir='ltr'>ibique</span> <span class='ocrx_word' id='word_1_359' title='bbox 963 3106 1004 3141; x_wconf 83' lang='lat' dir='ltr'>in</span> <span class='ocrx_word' id='word_1_360' title='bbox 1035 3105 1104 3151; x_wconf 86' lang='lat' dir='ltr'>fol.</span> <span class='ocrx_word' id='word_1_361' title='bbox 1140 3107 1213 3142; x_wconf 72' lang='lat'>55⁰</span> <span class='ocrx_word' id='word_1_362' title='bbox 1245 3106 1429 3141; x_wconf 72' lang='lat' dir='ltr'>narratio</span> <span class='ocrx_word' id='word_1_363' title='bbox 1463 3104 1681 3140; x_wconf 78' lang='lat' dir='ltr'>inuenitur.</span> 
     </span>
    </p>

    <p class='ocr_par' dir='ltr' id='par_1_5' title="bbox 1523 3171 1590 3204">
     <span class='ocr_line' id='line_1_42' title="bbox 1523 3171 1590 3204; baseline 0.015 -1"><span class='ocrx_word' id='word_1_364' title='bbox 1523 3171 1590 3204; x_wconf 57' lang='lat'>282&lt;</span> 
     </span>
    </p>
   </div>
   <div class='ocr_carea' id='block_1_4' title="bbox 1819 1006 1859 1035">
    <p class='ocr_par' dir='ltr' id='par_1_6' title="bbox 1819 1006 1859 1035">
     <span class='ocr_line' id='line_1_43' title="bbox 1819 1006 1859 1035; baseline -0.025 0"><span class='ocrx_word' id='word_1_365' title='bbox 1819 1006 1859 1035; x_wconf 79' lang='lat'>10</span> 
     </span>
    </p>
   </div>
   <div class='ocr_carea' id='block_1_5' title="bbox 1820 1371 1858 1400">
    <p class='ocr_par' dir='ltr' id='par_1_7' title="bbox 1820 1371 1858 1400">
     <span class='ocr_line' id='line_1_44' title="bbox 1820 1371 1858 1400; baseline 0 0"><span class='ocrx_word' id='word_1_366' title='bbox 1820 1371 1858 1400; x_wconf 85' lang='lat'>15</span> 
     </span>
    </p>
   </div>
   <div class='ocr_carea' id='block_1_6' title="bbox 1820 1737 1865 1767">
    <p class='ocr_par' dir='ltr' id='par_1_8' title="bbox 1820 1737 1865 1767">
     <span class='ocr_line' id='line_1_45' title="bbox 1820 1737 1865 1767; textangle 90"><span class='ocrx_word' id='word_1_367' title='bbox 1820 1737 1865 1767; x_wconf 50' lang='grc' dir='ltr'>[ἐ</span> 
     </span>
    </p>
   </div>
   <div class='ocr_carea' id='block_1_7' title="bbox 1823 2100 1864 2130">
    <p class='ocr_par' dir='ltr' id='par_1_9' title="bbox 1823 2100 1864 2130">
     <span class='ocr_line' id='line_1_46' title="bbox 1823 2100 1864 2130; baseline 0 0"><span class='ocrx_word' id='word_1_368' title='bbox 1823 2100 1864 2130; x_wconf 83' lang='grc'>25</span> 
     </span>
    </p>
   </div>
  </div>
 </body>
</html>
