2242 3551
730 221 1039 248 APPENDICVLA
1652 210 1704 248 73

59 349 293 391 pauperes,
326 334 514 376 clericos
546 338 587 375 et
619 333 760 374 laicos
793 337 833 374 et
868 334 1102 374 moniales.
1153 335 1381 387 Tempore
1405 334 1482 373 illo
1515 333 1704 387 quidam

59 423 110 450 ex
148 408 429 462 predonibus
470 407 517 447 in
559 405 750 447 ecclesia
784 406 902 446 beati
937 407 1054 446 Petri
1088 419 1248 446 amens
1282 406 1467 447 effectus
1501 410 1579 457 est,
1627 406 1705 459 qui

57 482 102 522 in
135 481 293 522 eadem
326 479 600 521 violenciam
634 478 827 519 nimiam
862 483 1135 520 exercuerat.
1201 478 1388 528 Deinde,
1424 479 1481 518 ab
1515 478 1704 519 ecclesia

58 557 294 605 extractus,
337 564 557 605 magnum
592 551 811 592 eiulatum
848 551 1059 592 emittens
1093 556 1134 592 et
1167 551 1364 604 proprijs
1397 550 1626 603 vnguibus
1660 564 1705 591 se

57 626 316 679 discerpens
349 629 390 665 et
422 628 574 677 guttur
607 637 743 664 suum
777 623 972 674 lanians,
1006 623 1053 664 in
1086 623 1325 665 communi
1353 624 1515 677 platea,
1549 623 1706 664 multis

57 698 309 740 astantibus
365 702 405 738 et
459 698 642 738 duobus
697 697 954 748 canonicis,
1016 697 1188 737 scilicet
1243 696 1433 737 domino
1483 697 1614 737 Petro
1666 700 1707 736 et

57 770 243 812 domino
292 771 503 822 Nicolao,
560 769 880 810 miserabiliter
928 769 1164 823 expirauit.
1254 768 1378 809 Dixit
1431 772 1583 809 autem
1632 769 1705 809 ille

58 843 325 884 maledictus
357 844 510 884 adhuc
542 842 717 894 vinens,
765 842 903 896 quod,
951 855 1055 882 cum
1101 843 1343 882 sudassent
1383 841 1606 894 imagines
1643 840 1704 892 (in

56 917 407 958 detestacionem
441 914 791 968 depredacionis
824 912 1052 968 predicte),
1097 915 1289 969 quedam
1323 914 1537 955 mulieres
1570 927 1707 967 super

55 1003 128 1030 eas
174 1002 342 1042 aquam
390 988 627 1039 fudissent,
675 987 759 1028 sibi
801 987 945 1027 risum
986 988 1093 1028 inde
1140 987 1312 1028 faciens
1357 987 1703 1040 inoportunum.

56 1063 165 1103 Item
199 1062 398 1115 quedam
432 1065 640 1101 matrona
676 1059 824 1100 fidelis
857 1064 898 1100 et
929 1060 1052 1100 bona
1086 1073 1191 1100 cum
1225 1060 1380 1100 multis
1414 1059 1513 1113 alijs
1538 1060 1706 1101 vidisse

55 1147 100 1175 se
132 1134 377 1187 perhibuit,
423 1134 546 1187 quod
587 1137 708 1185 gutte
747 1132 833 1173 olei
874 1132 1122 1173 stillassent
1159 1133 1214 1173 de
1248 1146 1394 1185 cruce,
1442 1146 1530 1187 que
1568 1133 1706 1173 affixa

55 1210 148 1247 erat
192 1206 238 1246 in
279 1206 465 1247 00010513
509 1219 645 1259 super
691 1206 899 1246 chorum.
964 1206 1077 1247 Item
1125 1205 1313 1260 quidam
1363 1206 1508 1247 eciam
1556 1206 1705 1258 frater,

54 1279 240 1320 nomine
274 1279 445 1327 Fritho,
494 1278 688 1319 asseruit
728 1292 774 1319 se
815 1278 983 1319 vidisse
1024 1279 1263 1320 lacrimam
1306 1279 1350 1319 in
1397 1279 1543 1320 oculis
1577 1279 1706 1319 beate

55 1351 251 1404 Virginis
305 1352 542 1392 collectam
599 1355 640 1391 et
694 1352 857 1392 exinde
913 1351 959 1391 in
1014 1352 1251 1392 maxillam
1308 1352 1406 1392 eius
1452 1365 1704 1392 emanasse.

56 1425 255 1475 Quidam
303 1425 447 1465 eciam
496 1428 621 1465 stans
668 1429 772 1464 ante
819 1437 1001 1465 crucem
1049 1424 1096 1464 in
1143 1424 1296 1465 medio
1344 1424 1553 1474 ecclesie,
1598 1424 1706 1465 visis

47 1496 326 1551 supradictis
370 1496 661 1537 mirabilibus
704 1497 789 1548 dei,
837 1498 948 1537 dum
983 1497 1070 1537 sibi
1103 1497 1523 1538 subsannacionem
1557 1511 1611 1538 ex
1642 1497 1706 1537 eis

54 1570 236 1622 faceret,
291 1582 425 1610 cecus
479 1569 666 1610 effectus
713 1574 799 1621 est,
859 1570 919 1610 ita
967 1571 1089 1623 quod
1139 1570 1343 1611 hostium
1390 1584 1483 1611 non
1531 1574 1707 1623 poterat

54 1643 272 1683 inuenire.
336 1642 492 1694 Imago
535 1642 679 1683 eciam
725 1643 842 1683 beati
877 1642 995 1683 Petri
1028 1647 1070 1683 et
1102 1656 1213 1683 crux
1246 1643 1348 1691 alia,
1396 1656 1484 1696 que
1527 1647 1621 1683 erat
1660 1643 1705 1683 in

55 1715 242 1756 ecclesia
268 1728 426 1756 versus
451 1716 649 1756 australe
674 1715 892 1767 hostium,
919 1716 1133 1756 sudorem
1163 1716 1413 1768 plurimum
1441 1715 1704 1766 emiserunt,

55 1789 175 1841 quod
209 1788 340 1828 multi
374 1788 534 1828 fratres
567 1791 609 1828 et
640 1788 785 1828 eciam
820 1789 1048 1829 seculares
1081 1789 1412 1842 perhibuerunt
1445 1802 1491 1829 se
1523 1789 1703 1829 vidisse.

56 1860 253 1911 Quidam
302 1860 447 1901 eciam
495 1860 627 1901 miles
674 1862 785 1901 dum
833 1861 1030 1913 grauiter
1070 1865 1371 1916 torqueretur,
1419 1861 1526 1915 quia
1566 1862 1703 1902 fidem

55 1933 125 1973 his
157 1933 446 1973 mirabilibus
479 1933 551 1973 dei
591 1937 633 1974 et
674 1934 966 1986 magnalibus
1005 1935 1153 1975 noluit
1184 1934 1417 1986 adhibere,
1465 1934 1572 1988 socij
1609 1934 1704 1974 eius

55 2005 274 2058 perterriti
306 2010 529 2053 venerunt
561 2007 617 2046 ad
652 2006 958 2059 penitenciam
993 2010 1034 2046 et
1067 2020 1131 2058 ea,
1165 2021 1252 2061 que
1286 2007 1331 2047 in
1365 2007 1555 2048 ecclesia
1584 2007 1704 2047 beati

55 2077 174 2117 Petri
204 2083 468 2131 rapuerunt,
500 2079 903 2119 vehementissime
935 2080 1244 2132 reportabant.
1308 2080 1420 2119 Item
1453 2079 1705 2120 affirmauit

56 2149 189 2190 frater
230 2151 455 2191 Robertus
496 2164 600 2191 cum
642 2151 798 2192 multis
839 2151 954 2204 alijs,
1002 2152 1139 2205 quod,
1187 2152 1376 2205 quidam
1417 2153 1558 2205 predo
1598 2165 1702 2193 cum

55 2222 289 2263 inuaderet
328 2224 567 2264 ecclesiam
610 2224 738 2264 beate
773 2224 970 2276 Virginis
1012 2229 1052 2265 et
1092 2237 1294 2278 capsam,
1342 2225 1387 2264 in
1427 2238 1517 2279 qua
1558 2237 1704 2265 sacro-

56 2299 260 2336 sanctum
295 2308 462 2349 corpus
495 2296 781 2337 dominicum
815 2302 922 2349 erat,
965 2297 1206 2350 rapuisset,
1254 2297 1460 2337 insecuta
1500 2301 1566 2338 est
1598 2311 1703 2338 eum

56 2369 249 2420 quedam
313 2368 527 2408 monialis
581 2370 748 2410 domus
804 2369 948 2421 illius,
1011 2374 1218 2423 repetens
1273 2373 1314 2409 et
1374 2370 1704 2410 instantissime

55 2439 287 2491 requirens
326 2440 579 2492 predictam
623 2453 832 2494 capsam3
881 2441 954 2481 cui
997 2441 1239 2492 euaginato
1287 2440 1438 2492 gladio
1477 2428 1703 2495 <1110rtem>

56 2510 317 2552 minabatur
363 2512 634 2553 maledictus
681 2513 775 2564 ille,
831 2513 917 2554 11151
966 2514 1023 2554 ab
1071 2514 1148 2553 illo
1195 2513 1444 2561 recederet,
1507 2514 1579 2554 cui
1628 2514 1703 2554 illa

56 2584 305 2635 respondit:
358 2584 447 2625 »Sit
486 2585 566 2625 tibi
607 2586 816 2626 cultellus
858 2587 932 2627 ille
965 2586 1173 2637 nociuus,
1219 2590 1258 2625 et
1298 2599 1390 2626 11011
1426 2587 1614 2630 1111011κ<;
1664 2591 1703 2627 01

57 2659 156 2705 post
187 2669 332 2708 pauca
364 2657 438 2697 ille
472 2670 517 2697 se
551 2658 711 2698 eodem
745 2658 927 2698 cultello
962 2658 1165 2710 peremit.
1231 2659 1342 2698 Item
1373 2659 1526 2699 retulit
1558 2659 1701 2700 eciam

57 2726 271 2768 dominus
304 2729 616 2780 SlesuiceusiS,
664 2732 801 2783 quod,
847 2744 949 2771 cum
985 2731 1082 2783 ipse
1114 2731 1381 2771 morabatur
1413 2731 1624 2784 captiuus
1656 2731 1702 2771 in

142 2845 176 2881 5.
208 2845 338 2882 lanies
370 2846 419 2889 Ο,
450 2857 551 2883 corr.
579 2847 712 2883 Waitz.
777 2848 811 2883 9.
844 2848 1023 2893 quedam
1057 2848 1217 2894 scripsi,
1249 2848 1362 2893 quod
1397 2850 1490 2893 (per
1519 2859 1704 2893 compen-

58 2899 182 2946 dium)
213 2902 270 2948 O,
314 2914 392 2940 om.
435 2903 565 2940 Waitz.
631 2905 692 2940 10.
723 2911 736 2941 ῑ
763 2908 893 2952 optum
925 2905 971 2941 Ο.
1039 2906 1097 2941 12.
1130 2903 1317 2953 31111350)
1348 2905 1395 2945 O
1427 2916 1527 2941 corr.
1568 2905 1701 2941 Waitz.

61 2967 122 3004 25.
151 2968 243 3014 fort.
277 2972 634 3007 venerantissime.
708 2973 772 3009 30.
808 2976 983 3009 mortem
1017 2973 1167 3009 addidi.
1241 2974 1303 3008 32.
1332 2966 1624 3020 11¹1(:michi)
1656 2974 1702 3009 Ο.

61 3023 121 3061 34.
161 3027 355 3064 dominus
396 3028 434 3064 11.
470 3030 492 3065 I.
516 3030 816 3076 :episcopus
907 3021 1082 3066 moralia
1120 3030 1175 3074 03
1222 3030 1468 3065 morabatur
1514 3033 1552 3065 et
1598 3030 1703 3065 male

62 3079 282 3129 Lanyebelc‚
317 3086 385 3121 sed
415 3089 454 3122 et
485 3086 558 3122 del.
600 3086 730 3122 Wailz.

1732 630 1751 661 5

1734 994 1774 1025 10

1735 1358 1774 1389 15

1733 1723 1774 1753 20

1730 2449 1772 2480 30
