2242 3551
303 241 327 268 1.
376 240 434 268 DE
468 240 758 268 FVNDATIONE
790 240 1066 269 MONASTERH
1100 241 1410 270 VITAESCHOLAE
1601 233 1679 271 139

31 355 246 399 omnibus
286 353 436 395 modis
468 354 681 394 abbatem
716 358 757 394 et
790 354 886 394 eius
920 359 1200 395 conuentum
1237 356 1524 407 molestabat,
1572 371 1679 410 qua-

29 434 159 471 tenus
191 427 254 467 eis
286 426 488 479 expulsis
520 426 674 467 locum
706 426 837 466 illum
872 427 1136 480 possideret.
1186 428 1439 482 Statimque
1470 431 1678 483 exemplo

29 501 178 554 regine
210 512 345 540 omne
380 499 541 551 vulgus
573 499 620 538 in
653 498 845 539 circuitu
885 499 1069 539 illorum
1111 501 1311 553 pessimo
1345 502 1451 542 odio
1485 503 1679 543 oderunt

29 575 142 626 illos,
187 572 248 613 ita
292 575 339 611 vt
378 571 591 613 mulieres
631 572 688 611 ad
732 572 995 624 purgandos
1029 578 1207 613 ventres
1240 587 1348 614 suos
1381 574 1564 615 abbatie
1597 578 1679 615 ter-

29 647 177 689 minos
209 645 431 686 intrarent
462 645 765 699 impudenter.
829 644 1051 685 Sacerdos
1084 646 1229 686 eciam
1262 647 1467 701 quidam,
1500 647 1678 688 vicinus
1707 654 1725 682 5

27 721 223 769 illorum,
271 718 316 759 in
357 717 592 758 dominica
632 717 705 757 die
739 717 1021 769 Palmarum,
1068 730 1175 758 cum
1215 718 1375 759 fratres
1415 720 1461 759 in
1503 732 1679 773 proces-

28 794 153 835 sione
199 805 278 846 per
325 792 577 832 claustrum
625 790 760 842 irent,
816 790 1031 831 mulieres
1086 792 1313 844 quasdam
1368 805 1584 845 procaces
1639 797 1680 833 et

28 865 284 920 impudicas
316 863 466 918 pallijs
499 876 658 904 earum
690 863 737 903 in
770 863 910 903 domo
944 876 1027 904 sua
1059 864 1228 905 relictis
1257 869 1298 905 et
1321 866 1506 906 retentis
1531 866 1679 906 lineis-

28 952 113 993 que
144 938 330 978 indutas
362 937 408 977 in
442 936 647 977 medium
690 936 1027 977 monachorum
1075 937 1210 989 misit,
1258 937 1447 991 ipseque
1487 939 1677 979 missam

27 1012 72 1052 in
104 1009 293 1051 ecclesia
326 1023 408 1051 sua
442 1010 752 1050 celebraturus
786 1009 995 1062 perrexit.
1060 1009 1114 1050 Et
1155 1022 1271 1062 ecce,
1320 1011 1593 1052 mulieribus
1632 1012 1677 1052 in
1708 1022 1747 1052 10

27 1084 222 1125 claustro
264 1082 538 1123 saltantibus
579 1083 747 1123 domus
787 1082 991 1122 eiusdem
1034 1083 1283 1123 sacerdotis
1328 1088 1369 1124 et
1408 1085 1676 1126 vestimenta

27 1156 271 1197 mulierum
304 1155 366 1196 ibi
399 1155 606 1209 deposita
639 1160 679 1196 et
707 1155 877 1207 omnia,
912 1156 1071 1209 quein
1097 1156 1237 1196 domo
1262 1160 1402 1207 erant,
1437 1157 1677 1198 combusta

27 1233 142 1270 sunt.
219 1228 427 1269 Tandem
483 1228 681 1282 denique
737 1228 893 1280 regina
939 1241 1019 1281 per
1066 1228 1289 1269 nuncium
1338 1242 1474 1270 suum
1523 1230 1676 1270 abbati

27 1301 222 1343 Henrico
255 1301 469 1355 precepit,
503 1305 547 1341 vt
579 1302 772 1341 domum
805 1312 1021 1353 magnam
1056 1303 1307 1355 quandam,
1341 1303 1386 1343 in
1417 1316 1507 1355 qua
1533 1303 1677 1343 abbas

26 1375 121 1429 ipse
161 1374 302 1415 libros
341 1374 549 1415 missales
592 1374 789 1415 scribere
822 1374 1011 1426 solebat,
1059 1375 1311 1416 destrueret
1352 1379 1394 1416 et
1431 1376 1488 1415 ad
1530 1376 1678 1416 locum
1709 1385 1748 1415 15

26 1447 181 1499 alium,
228 1460 320 1501 quo
359 1447 458 1500 ipsa
503 1448 820 1498 mandauerat,
862 1447 1099 1488 transferri
1132 1448 1310 1489 faceret.
1373 1448 1526 1489 Abbas
1560 1460 1679 1500 ergo.

26 1521 227 1561 humana
268 1520 450 1560 malicia
491 1524 745 1573 superatus,
793 1521 851 1560 ad
890 1521 1098 1572 generale
1140 1521 1393 1574 capitulum
1435 1521 1561 1562 adire
1593 1522 1680 1562 dis-

26 1592 178 1647 posuit
209 1596 251 1633 et
281 1593 502 1633 abbatum
536 1593 730 1634 consilio
762 1594 820 1633 ad
853 1593 1098 1634 dominum
1132 1594 1440 1647 apostolicum
1472 1595 1678 1643 transire,

26 1667 63 1706 si
109 1666 222 1707 forte
268 1678 348 1719 per
393 1666 687 1707 interdictum
735 1666 1042 1720 apostolicum
1101 1666 1353 1719 predictam
1400 1667 1606 1719 reginam
1654 1681 1678 1707 a

27 1739 206 1791 malicia
240 1752 321 1779 sua
355 1743 665 1792 compesceret
698 1742 740 1778 et
771 1738 960 1779 inuidia.
1707 1751 1747 1780 20

110 1870 185 1910 III.
250 1870 443 1910 Factum
477 1856 669 1923 <autem>
702 1873 781 1921 est,
825 1870 990 1910 abbate
1025 1870 1224 1911 Henrico
1258 1871 1313 1911 de
1346 1872 1522 1912 Swecia
1555 1872 1680 1913 dece-

25 1943 157 1984 dente
204 1947 244 1983 et
291 1955 370 1996 per
416 1955 606 1994 regnum
657 1943 896 1983 Danorum
944 1947 1232 1995 transeunte,
1286 1948 1332 1984 vt
1378 1944 1424 1984 in
1473 1945 1681 1985 Selandie

26 2015 207 2056 ciuitate
255 2015 574 2056 Roschildensi
622 2017 827 2069 synodus
877 2027 1043 2068 magna
1092 2020 1318 2068 ageretur„
1371 2017 1416 2057 in
1464 2031 1555 2072 qua
1604 2031 1680 2059 rex

25 2089 346 2129 Waldemarus
381 2093 421 2129 et
453 2089 831 2143 archiepiscopus
866 2089 1098 2129 Eschillus
1130 2089 1436 2142 presidebant.
1501 2091 1679 2131 Statim-

26 2174 111 2215 que
142 2166 187 2202 vt
218 2162 363 2202 abbas
396 2161 797 2215 archiepiscopum
831 2162 1125 2213 salutauerat,
1164 2175 1353 2203 causam
1386 2163 1561 2204 itineris
1594 2164 1678 2209 sui,
1706 2158 1748 2203 ‘25

27 2238 66 2274 et
104 2239 297 2288 quantas
335 2234 739 2275 incommoditates
780 2234 825 2274 in
868 2235 1040 2276 Swecia
1081 2235 1374 2283 sustinuerat,
1423 2237 1462 2277 ei
1502 2237 1679 2290 aperuit

27 2306 272 2360 diligenter.
348 2307 491 2347 Erant
536 2311 690 2348 autem
738 2312 849 2348 tunc
894 2308 1116 2361 temporis
1154 2312 1245 2348 tres
1284 2321 1411 2361 reges
1453 2310 1500 2349 in
1540 2322 1678 2362 regno

29 2379 277 2420 Danorum.
328 2380 509 2421 Primus
542 2383 585 2421 et
616 2380 819 2434 optimus
844 2384 940 2421 erat
957 2381 1296 2434 Waldemarus,
1330 2381 1452 2422 filius
1486 2384 1680 2436 preciosi

29 2452 238 2505 martyris
272 2453 461 2503 Kanuti3
502 2453 734 2494 secundus
768 2454 991 2506 Kanutus‚
1025 2453 1146 2494 filius
1182 2454 1358 2507 Magni3
1397 2456 1565 2497 tercius
1597 2457 1681 2498 fuit

30 2524 188 2576 Sveno,
220 2524 343 2565 filius
377 2525 499 2566 Erici
532 2526 709 2566 Emwn.
771 2527 942 2566 Verum
976 2526 1083 2580 quia
1116 2526 1233 2566 inter
1263 2538 1390 2578 reges
1422 2527 1532 2568 istos
1565 2529 1680 2570 fides
1706 2538 1748 2569 30

112 2643 147 2678 8.
179 2654 254 2679 sua
287 2654 364 2678 om.
398 2643 477 2679 BL.
543 2643 604 2679 10.
635 2644 677 2679 in
718 2644 876 2691 templo
920 2655 998 2680 suo
1039 2645 1072 2680 B
1111 2645 1238 2687 initio,
1286 2645 1355 2681 sed
1390 2648 1531 2691 postea
1562 2657 1677 2684 corr..

30 2701 71 2735 ut
108 2702 164 2736 est
203 2700 242 2736 in
282 2700 325 2736 Α.
407 2700 466 2737 13.
508 2701 690 2747 denique
733 2700 791 2737 bis
837 2702 1032 2748 scriptum
1078 2702 1117 2737 in
1159 2703 1201 2738 Α.
1295 2703 1447 2748 Regina
1488 2714 1589 2741 corr.
1632 2715 1681 2739 ea·

29 2755 197 2803 Regium
237 2758 290 2802 Ᾱ;
337 2758 524 2794 Tandem
573 2769 648 2805 per
694 2759 896 2795 nuncium
941 2759 1113 2805 Regium
1155 2760 1303 2795 Abbati
1344 2760 1394 2805 B„
1436 2760 1504 2796 sed
1541 2763 1678 2806 postea

29 2823 125 2850 corr.
173 2814 212 2850 in
260 2815 447 2851 Tandem
498 2815 681 2862 denique
729 2817 883 2863 Regina
937 2828 1011 2863 per
1059 2817 1252 2853 nuntium
1303 2817 1473 2866 Regium
1518 2818 1680 2854 Abbati.

29 2881 148 2907 suum
182 2882 258 2908 om.
293 2872 373 2908 BL.
456 2873 515 2909 14.
549 2882 743 2920 magnam
776 2874 989 2921 quandam
1024 2875 1112 2919 AL3
1159 2875 1372 2921 quandam
1406 2884 1599 2921 magnam
1634 2876 1676 2911 B.

33 2938 380 2984 16.forl.scribd.:
412 2925 601 2992 (omnia)
623 2941 843 2978 transferri
863 2942 886 2978 f.
949 2943 1171 2979 21.autem
1189 2942 1339 2978 addidi.
1403 2944 1467 2979 22.
1486 2943 1679 2979 Selandie

9 2995 184 3047 „scripsi3
217 2997 410 3034 Selandia
443 2997 600 3047 A(BL).
662 2999 725 3035 23.
760 2999 1051 3036 Roeskildensi
1081 3000 1161 3036 BL.
1226 3000 1288 3035 26.
1324 3001 1677 3037 incommiditates

30 3047 74 3096 Α,
102 3063 200 3090 corr.
235 3056 313 3091 BL.
384 3055 562 3092 26—27.
594 3056 815 3103 diligenter
846 3058 1012 3104 aperuit
1045 3057 1126 3093 BL.
1195 3056 1258 3093 30.
1296 3057 1404 3093 Erici
1442 3058 1561 3093 me
1603 3056 1680 3105 (vel

33 3108 163 3155 Nwm>
195 3112 239 3150 Α,
270 3114 339 3149 sed
371 3114 410 3148 in
446 3123 593 3158 mara:
627 3113 847 3159 legendum
883 3115 1068 3153 Emwm
1104 3113 1211 3148 Erici
1248 3115 1382 3149 Emun
1419 3115 1497 3153 BL.
