2242 3551
614 209 756 237 VETvs
789 207 1014 236 CHRONICA
1049 207 1287 235 slALANmE
1716 194 1765 233 71

208 324 616 367 MCCLXXXVIII.
681 322 880 373 Stigolus
914 322 1169 361 Andaersun
1204 334 1309 361 cum
1344 320 1438 360 suis
1473 320 1595 374 frigii.

207 397 569 439 MCCLXXXIX.
634 394 759 447 Obijt
798 395 1035 434 Johannes
1082 394 1197 433 Dros
1237 393 1612 445 archiepiscopus
1654 393 1771 431 Lun-

121 471 284 514 densis.
332 471 571 511 ,Iohannes
591 468 744 509 Grand
773 466 1003 506 successit.
1051 466 1289 506 Johannes
1310 466 1426 506 (Irak
1454 466 1502 505 fit
1528 465 1771 517 episcopus

123 542 449 586 Roskildensis.

207 616 419 658 MCCXC.
491 614 700 655 Castrum
753 613 915 652 Hiaehn
965 611 1216 652 edificatur.
1296 610 1552 651 Normanni
1594 614 1773 650 vastant

122 688 474 731 Lannlandiam.

207 761 442 803 MCCXCI.
518 760 747 801 Soldanus
794 758 899 799 vicit
942 758 1169 803 Acharon,
1216 756 1495 796 interficiens
1544 756 1773 796 masculos

121 849 225 878 cum
260 833 543 875 mulieribus

207 906 466 949 MCCXCII.
531 905 699 946 Skiehn
736 904 912 957 dapifer
946 903 1228 943 interficitur.

207 979 490 1022 MCCXCIII.
568 978 718 1018 Tertia
768 977 994 1030 expeditio
1042 976 1159 1028 regis
1208 975 1434 1027 Noruegie
1482 975 1527 1015 in
1570 974 1771 1015 Daciam.

122 1056 319 1107 Stigotus
353 1052 476 1104 obij’t.

206 1125 513 1168 MCCXCIHI.
605 1125 843 1165 ,Iohannes
913 1122 1290 1175 archiepiscopus
1362 1121 1552 1174 capitur.
1648 1121 1773 1160 Rano

120 1202 354 1242 Jonassun
386 1202 574 1238 rotatur.

179 1271 433 1314 MCCXCV.
496 1269 881 1322 Archiepiscopus
915 1269 1033 1309 clam
1068 1269 1297 1308 liberatur.
1359 1268 1544 1307 isarnus
1577 1267 1775 1306 nuncius

121 1359 236 1400 pape
270 1345 353 1385 fuit
384 1344 430 1384 in
466 1343 621 1384 Dacia.
685 1342 858 1393 Treuge
892 1342 1061 1381 dantur
1094 1341 1317 1381 exulibus.

208 1417 484 1459 MCCXCVI.
572 1417 664 1456 Rex
711 1414 872 1454 Ericus
920 1415 1048 1454 duxit
1097 1414 1366 1466 Ingibulgh,
1430 1412 1572 1452 filiam
1623 1411 1774 1462 Magni

54 1522 57 1525 ⁴
121 1491 237 1544 regis
271 1490 452 1531 Swecie.

209 1562 510 1604 MCCXCVII.
574 1562 667 1602 Rex
699 1560 868 1601 deuici’t
903 1560 1259 1612 Kalendeburgh
1293 1563 1335 1599 et
1367 1557 1717 1599 Christoforum.

209 1635 533 1677 MCCXCVIII.
605 1634 815 1675 Castrum
860 1633 1133 1685 Haenaesgafl
1172 1632 1362 1685 capitur.
1442 1632 1628 1671 Isarnus
1670 1642 1773 1670 cum

124 1709 472 1762 archiepiscopo
505 1707 639 1748 venit.

210 1780 488 1822 MCCXCIX.
552 1779 684 1820 Venit
724 1779 1016 1820 interdictum
1058 1779 1103 1817 in
1146 1782 1293 1818 totum
1337 1789 1529 1829 regnum
1564 1776 1702 1816 Dacie
1736 1779 1777 1815 et

123 1854 307 1896 durauit
346 1866 425 1906 per
466 1857 664 1906 quatuor
703 1865 849 1892 annos
891 1855 932 1891 et
971 1852 1017 1891 in
1051 1851 1208 1904 quinto
1242 1864 1364 1891 anno
1398 1863 1422 1890 a
1455 1849 1776 1903 purificatione

124 1941 269 1981 usque
301 1928 358 1967 ad
392 1926 576 1979 pascha.

211 1999 382 2041 MCCC.
447 2000 540 2039 Rex
580 1999 877 2039 Tartaroruni
919 1997 1089 2038 deuicit
1130 1996 1393 2037 Soldanum.
1462 1994 1589 2047 Ohijt
1626 1993 1776 2034 Gisico

125 2074 380 2127 episcopus.
445 2071 706 2112 claustrum
742 2071 981 2123 Ringstath
1012 2069 1286 2110 incenditur.

211 2145 405 2187 MCCCI.
476 2144 653 2202 Olauus
702 2143 751 2183 fit
797 2142 1040 2196 episcopus
1084 2140 1414 2182 Roskildensis.
1489 2138 1777 2191 Indulgentie

125 2219 279 2260 Rome.

213 2337 244 2372 1.
293 2336 506 2382 Stigothus
546 2334 764 2370 Anderson
807 2334 854 2370 H.
934 2333 969 2369 3.
1014 2333 1063 2368 Et
1103 2333 1195 2368 Joh.
1238 2332 1280 2368 G.
1322 2343 1351 2366 s.
1427 2331 1520 2366 Joh.
1565 2330 1673 2375 Krag
1715 2340 1777 2375 ep.

124 2395 214 2437 (om.
248 2394 306 2438 fit)
339 2394 386 2429 H.
465 2393 500 2428 5.
537 2391 672 2427 Hielm
707 2391 754 2426 H.
831 2392 865 2427 6.
900 2390 1199 2436 Langlandiam
1237 2388 1316 2432 HS,
1362 2388 1431 2424 sed
1469 2389 1509 2423 in
1544 2388 1576 2422 H
1618 2397 1640 2434 g
1673 2397 1721 2422 ex
1753 2398 1777 2421 n

125 2461 224 2486 corr.
258 2461 309 2486 m.
344 2451 378 2487 1.
460 2450 492 2485 8.
535 2452 574 2485 et
612 2449 810 2484 mulieres
844 2449 890 2484 H.
968 2450 1001 2484 9.
1044 2447 1208 2483 Scheln]
1244 2447 1291 2481 H.
1373 2447 1434 2481 10.
1476 2446 1696 2491 Norvagiae
1737 2445 1777 2479 in

127 2508 303 2544 Daniam
337 2508 384 2543 H.
468 2508 527 2543 11.
568 2507 750 2552 Stigotus
784 2506 842 2551 M3
890 2509 929 2541 et
969 2507 1239 2551 Byrgerus
1273 2504 1319 2538 H.
1398 2503 1459 2538 13.
1501 2503 1686 2538 Jonason
1723 2502 1778 2541 H;

127 2565 308 2602 Janason
343 2565 382 2600 S.
460 2565 522 2600 15.
558 2564 688 2599 Dania
724 2564 768 2598 H.
853 2562 973 2598 Verba
1007 2564 1168 2607 Treuge
1207 2562 1361 2596 dantur
1393 2560 1586 2596 exulibus
1619 2570 1696 2595 om.
1733 2559 1779 2593 H.

127 2622 195 2658 sed
236 2622 321 2658 hoec
360 2620 479 2657 habel
521 2621 639 2657 etlam
678 2620 929 2666 Svczninyms
975 2620 1014 2655 in
1050 2619 1267 2664 Excerptz's.
1346 2619 1406 2653 16.
1449 2617 1684 2663 Ingeburgh
1730 2617 1776 2651 H.

131 2680 190 2715 18.
232 2680 275 2716 R.
319 2680 355 2714 d.
397 2678 693 2723 Calendburgh
742 2681 780 2713 et
828 2677 1182 2723 Christopnorun]
1232 2675 1373 2720 fugat
1421 2674 1506 2710 HS.
1553 2674 1621 2709 secl
1666 2674 1780 2718 fugat

130 2736 170 2771 in
205 2737 238 2771 H
272 2737 354 2772 alia
389 2746 537 2771 manus
570 2734 774 2770 addidisse
806 2735 971 2770 videtur.
1039 2735 1098 2769 19.
1134 2732 1438 2778 Haenesgaffuel
1465 2732 1544 2770 HS,
1576 2731 1644 2766 sed
1677 2731 1716 2765 in
1744 2730 1777 2765 H

131 2793 267 2829 litlerae
308 2794 374 2829 uel
409 2795 548 2839 postea
590 2803 640 2827 m.
676 2792 695 2828 1
729 2803 758 2827 s.
792 2803 823 2827 υ,
856 2792 976 2837 add.;
1018 2802 1094 2837 pro
1134 2790 1210 2825 hoc
1249 2789 1416 2825 nomine
1447 2788 1696 2833 Smminglius
1739 2788 1778 2822 i1z

130 2850 336 2896 Excerptis
356 2849 586 2886 Hunaehals
610 2848 757 2884 habere
784 2849 951 2885 videtur.
1016 2849 1078 2884 21.
1109 2848 1151 2883 in
1184 2850 1313 2883 totam
1341 2847 1516 2881 Daniam
1546 2846 1577 2879 H
1654 2846 1716 2879 22.
1743 2848 1780 2879 et

130 2917 207 2942 om.
241 2908 286 2943 H.
364 2908 426 2943 24.
470 2907 625 2942 deuicit
657 2907 720 2949 M3
767 2906 929 2941 domuit
963 2907 1008 2941 H.
1085 2908 1123 2940 et
1162 2904 1265 2950 obijt
1307 2904 1352 2938 H.
1430 2903 1608 2937 24—25.
1642 2901 1779 2937 Gisico

131 2974 192 3009 ep.
232 2964 553 3010 Roschyldenszz
599 2962 743 2998 habuit
783 2964 829 3008 Η,
876 2963 943 2998 sed
983 2963 1107 2998 deleto
1150 2960 1450 3006 Rosehyldens.
1492 2959 1685 3004 scriptum
1727 2960 1782 2992 est

132 3020 311 3066 Otthon:‚
343 3022 450 3068 quod
480 3020 627 3066 recepit
658 3020 697 3055 S.
757 3020 880 3055 Verba
915 3020 966 3055 25
1001 3019 1239 3055 Claustrum
1276 3017 1317 3052 R.
1351 3016 1591 3051 incenditur
1622 3026 1699 3050 om.
1735 3015 1780 3049 H.

133 3077 309 3115 26—27.
342 3079 470 3115 Olaus
503 3078 526 3114 f.
559 3089 592 3115 e.
628 3074 1009 3126 R0(e)schyldensis
1041 3079 1080 3111 et
1112 3073 1382 3121 indulgentiae
1416 3074 1617 3108 Romanae
1651 3071 1696 3107 H.

1802 982 1842 1013 10

1803 1345 1843 1376 15

1801 1712 1843 1741 20
