2242 3551
520 189 573 229 48
860 197 1135 228 semproasss
1168 197 1394 227 HisromAE
1426 197 1602 226 DANICAE
1635 196 1833 226 MINORES

520 314 674 369 ibique
707 313 873 367 priuati
907 325 1031 353 more
1063 312 1359 366 tranquillam
1391 312 1532 353 vitam
1572 312 1737 363 degens
1775 323 1989 364 asperum
2022 310 2165 363 patrie

520 387 785 428 conuictum
826 385 1081 426 voluntarie
1124 384 1500 438 peregrinationis
1540 384 1721 424 lenitate
1756 383 1963 435 mutauit,
2009 382 2167 422 iucun-

522 460 695 500 diorem
729 471 881 498 rerum
911 471 1047 498 usum
1073 458 1193 510 apud
1222 461 1397 497 exteros
1429 470 1567 509 quam
1594 457 1709 496 inter
1734 456 1858 495 ciues
1884 455 2162 495 habiturus«

523 533 608 572 Sed
636 544 716 571 cur
742 530 886 582 magis
912 531 968 570 ad
988 529 1356 578 Claramuallem,
1390 533 1437 569 ut
1463 529 1635 568 dictum
1669 532 1747 575 est,
1781 541 1919 581 quam
1953 529 2009 567 ad
2042 527 2167 567 aliud

522 604 750 645 transierit
790 603 1049 654 cenobium,
1097 602 1288 653 diligens
1331 602 1470 641 lector
1502 615 1554 641 ex
1586 602 1672 653 his,
1719 614 1806 654 que
1844 601 1890 640 in
1931 600 2047 640 libro
2088 600 2169 639 ‘De

480 697 483 699 ·
524 676 723 717 Exordio
757 675 1061 715 Cistertiensis
1088 675 1285 715 Ordinis‘
1319 674 1589 724 referuntur,
1623 673 1859 726 perspicue
1891 673 2169 726 perpendere

457 972 498 1002 10

459 1336 499 1365 15

462 1699 504 1729 20

523 753 680 803 potest.
753 747 819 788 Ibi
867 748 988 788 enim
1039 747 1211 798 legitur,
1259 748 1397 801 quod,
1448 759 1578 786 »cum
1626 745 1994 786 adolescentulus
2041 748 2170 793 esset,

522 821 820 862 transmissus
859 824 923 860 est
963 833 987 860 a
1029 820 1294 873 parentibus
1337 820 1391 859 ad
1437 819 1639 859 studium
1675 818 2052 858 Hildensemense.
2116 817 2170 856 Et

523 907 628 935 cum
656 894 718 934 ibi
745 893 1031 946 aliquamdiu
1058 895 1261 932 moratus
1288 891 1458 939 fuisset,
1484 891 1683 943 contigit,
1708 895 1756 931 ut
1778 891 1824 930 in
1848 890 2169 942 grauissimam

525 966 887 1007 inualetudinem
930 965 1170 1011 incideret3
1218 968 1258 1004 et
1296 965 1481 1004 tandem
1516 976 1539 1003 a
1574 963 1763 1004 medicis
1795 964 2061 1015 desperatus
2093 965 2171 1011 est,

523 1039 718 1092 ideoque
765 1041 1076 1091 procuratum,
1124 1041 1172 1077 ut
1218 1037 1318 1076 oleo
1366 1040 1524 1076 sancto
1574 1036 1881 1087 inungeretur.
1966 1034 2173 1087 Cumque

524 1110 774 1164 presbyteri
817 1114 855 1150 et
898 1109 1032 1151 ceteri
1074 1109 1231 1149 fideles
1270 1108 1409 1149 huius
1451 1108 1513 1147 rei
1546 1108 1688 1159 gratia
1722 1108 1886 1148 lectulo
1930 1107 2027 1147 eius
2066 1106 2173 1146 assi-

526 1187 705 1231 sterent,
751 1183 902 1222 subito
936 1181 1144 1222 omnium
1178 1181 1492 1221 membrorum
1528 1184 1568 1220 et
1601 1193 1821 1220 sensuum
1856 1179 2009 1220 officio
2042 1178 2173 1219 desti-

525 1260 663 1305 tutus,
710 1255 769 1294 ita
803 1259 851 1295 ut
884 1254 973 1294 fere
1006 1258 1215 1294 mortuus
1248 1257 1496 1306 putaretur,
1539 1239 1704 1293 ductus
1745 1257 1809 1293 est
1841 1253 1887 1292 in
1922 1252 2083 1305 spiritu
2116 1252 2170 1291 ad

527 1329 760 1381 quandam
788 1327 1091 1378 mansionem,
1118 1330 1259 1366 totam
1285 1326 1475 1365 interius
1501 1325 1632 1378 quasi
1657 1325 1892 1365 clibanum
1917 1325 2173 1371 ardentem3

527 1402 583 1440 ad
637 1413 775 1453 quam
832 1412 936 1452 cum
991 1399 1180 1452 propius
1233 1399 1485 1449 accederet,
1547 1402 1588 1437 et
1634 1398 1784 1449 ignem
1833 1401 2038 1437 eternum
2087 1395 2174 1436 sibi

528 1485 764 1526 superesse
803 1472 1032 1523 cogitaret,
1080 1482 1196 1522 ecce‚
1244 1471 1487 1510 miserante
1528 1471 1613 1510 deo
1655 1469 1867 1523 apparuit
1911 1469 1949 1509 ei
1998 1473 2174 1509 meatus

528 1545 715 1599 quidam
750 1545 879 1598 quasi
913 1543 1120 1595 tramitis⁷
1163 1543 1241 1596 qui
1283 1543 1419 1583 etiam
1453 1542 1584 1595 quasi
1618 1542 1819 1582 flammis
1851 1554 2024 1582 vacuus
2057 1541 2175 1582 vide—

528 1618 674 1658 batur.
737 1617 826 1667 Qui
875 1620 1056 1665 conatu,
1103 1628 1194 1668 quo
1237 1615 1396 1668 potuit,
1443 1618 1627 1668 reptans
1667 1615 1723 1654 ad
1766 1614 1919 1654 locum
1959 1613 2172 1666 refrigerij

532 1690 752 1743 peruenit,
800 1694 839 1729 et
888 1702 966 1742 per
1010 1688 1140 1728 illum
1188 1689 1244 1728 ad
1292 1687 1459 1728 ostium
1507 1689 1697 1727 tendens
1743 1687 1934 1727 celerius
1980 1691 2177 1726 tremens

530 1763 646 1815 exijt.
712 1763 817 1802 Mox
864 1761 1086 1814 palatium
1133 1761 1367 1814 quoddam
1410 1760 1640 1813 reperiens
1688 1764 1729 1800 et
1770 1759 1879 1799 illuc
1918 1758 2176 1810 ingrediens

530 1835 641 1875 vidit
682 1835 726 1874 in
769 1847 820 1873 eo
864 1834 1064 1884 reginam
1109 1833 1311 1872 celorum
1352 1832 1398 1872 in
1432 1833 1597 1872 throno
1637 1831 1776 1884 glorie
1818 1832 2071 1879 sedentem3
2119 1831 2174 1870 ad

531 1920 669 1959 quam
718 1906 916 1959 pauidus
965 1910 1006 1945 et
1052 1905 1245 1945 anhelus
1292 1906 1514 1945 accedens
1561 1904 1736 1956 rogauit
1782 1904 1961 1954 obnixe,
2013 1906 2062 1943 ut
2108 1902 2177 1942 sui

533 1979 831 2018 misereretur.
897 1978 1043 2028 Quem
1076 1977 1151 2016 illa
1186 1977 1483 2028 dedignanter
1514 1977 1741 2029 aspiciens
1773 1980 1908 2029 atque
1941 1975 2178 2015 minaciter

533 2052 790 2104 alloquens,
848 2051 970 2103 quod
1025 2063 1165 2089 ausus
1212 2049 1369 2088 fuisset
1415 2050 1460 2089 in
1507 2053 1754 2102 conspectu
1801 2048 1898 2089 eius
1944 2060 2176 2101 apparere,

532 2125 719 2163 mandat
766 2123 1040 2176 quantocius
1087 2122 1235 2173 egredi
1282 2126 1323 2162 et
1365 2122 1665 2161 cruciandum
1706 2122 1762 2161 ad
1804 2121 1953 2172 ignem
1996 2119 2175 2160 reuerti.

532 2197 672 2236 Porro
711 2195 913 2248 prefatus
953 2194 1335 2245 adolescentulus,
1383 2194 1666 2234 venerabiles
1708 2194 1843 2245 viros,
1890 2193 1968 2247 qui
2001 2192 2177 2232 assiste-

619 2359 653 2394 2.
694 2359 984 2393 iocundiorem
1028 2358 1073 2393 H.
1151 2359 1184 2393 4.
1227 2360 1270 2392 ut
1309 2357 1464 2392 dictum
1506 2360 1567 2392 est
1599 2368 1676 2393 0111.
1711 2357 1758 2392 H.
1835 2357 1868 2393 5.
1902 2367 1948 2392 ex
1982 2356 2097 2391 hisee
2131 2355 2178 2391 H.

532 2416 658 2451 libro:
691 2414 760 2460 cfr.
793 2426 918 2460 snpra
950 2415 1003 2450 ad
1030 2425 1069 2460 ρ.
1103 2413 1258 2458 35‚16,·
1290 2414 1338 2449 sle
1368 2414 1610 2459 excerptoris
1642 2424 1764 2459 opera
1796 2414 1934 2449 eadem
1965 2413 2049 2458 fere
2080 2412 2119 2448 11.
2154 2412 2176 2448 I.

532 2473 701 2508 dicenda
733 2475 851 2517 sant;
879 2472 1044 2518 plenam
1071 2471 1241 2506 Exordii
1268 2471 1549 2506 narrationem
1585 2473 1651 2515 (ex
1667 2471 1849 2507 Distinet.
1867 2470 1934 2507 III.
1954 2481 2039 2516 cap.
2058 2469 2176 2514 XXV)

467 2539 472 2542 ’
533 2529 652 2565 habet
682 2529 816 2564 Arnas
850 2528 1057 2574 Maynoeus
1090 2529 1132 2563 in
1164 2527 1336 2563 editione
1363 2539 1402 2573 ρ.
1437 2527 1606 2563 79-92.
1670 2529 1704 2564 7.
1737 2528 1844 2564 adol.
1877 2530 2003 2563 esset:
2046 2537 2179 2562 annos

535 2590 656 2622 natus
694 2587 861 2622 circiter
891 2596 949 2621 ΧΠ
981 2585 1071 2621 add.
1105 2581 1149 2620 A.
1225 2586 1260 2621 8.
1299 2585 1538 2620 Hildensem
1581 2585 1637 2628 M;
1688 2585 1885 2621 Hildense
1919 2584 1965 2621 H.
2042 2585 2076 2619 9.
2109 2583 2181 2619 ali—

533 2643 721 2690 quandiu
756 2644 802 2679 H.
866 2644 927 2678 10.
960 2642 1232 2678 valitudinem
1266 2642 1350 2678 AH.
1428 2642 1622 2677 inciderit
1650 2643 1702 2678 Μ.
1766 2643 1826 2678 11.
1860 2641 2106 2687 procurauit
2132 2641 2178 2681 H.

534 2704 679 2736 sancto
713 2701 811 2743 ΜΗ;
857 2710 978 2735 sacro
1011 2699 1053 2735 A.
1134 2699 1193 2735 12.
1230 2701 1321 2744 post
1359 2698 1502 2734 fideles
1541 2710 1569 2735 s.
1603 2710 1634 2735 υ.
1667 2699 1759 2736 add.
1799 2699 1871 2745 qui
1905 2698 1946 2733 in
1980 2698 2027 2741 H,
2073 2697 2180 2743 quod

535 2758 575 2792 in
609 2759 759 2792 textum
793 2757 937 2802 recepit
967 2756 1005 2792 S.
1084 2757 1143 2792 13.
1179 2756 1367 2791 omnium
1415 2756 1514 2797 MH3
1547 2757 1661 2791 omni
1694 2757 1739 2792 A.
1819 2756 1994 2791 14—15.
2028 2755 2178 2790 ductus

535 2818 596 2849 est
641 2815 790 2860 spiritu
839 2815 879 2849 in
922 2825 958 2860 q.
1007 2824 1056 2849 m.
1099 2813 1146 2848 H.
1227 2813 1288 2847 15.
1328 2813 1503 2848 interius
1543 2813 1639 2857 AM;
1686 2810 1862 2860 totius(!)
1901 2812 1946 2847 H.
2026 2812 2088 2847 16.
2127 2811 2178 2846 ad

536 2882 659 2917 quem
689 2874 734 2908 H.
814 2873 872 2907 17.
905 2871 983 2906 deo
1016 2870 1113 2916 AM;
1160 2867 1378 2917 domine(!)
1410 2870 1455 2905 H.
1535 2870 1594 2905 18.
1630 2870 1764 2905 ssamis
1798 2870 1846 2906 H.
1919 2869 1983 2904 23.
2017 2868 2181 2913 rogaui-t

535 2925 663 2987 (roga)
685 2939 844 2984 scripsi3
878 2942 994 2984 rogat
1013 2938 1090 2973 MH
1108 2936 1335 2986 (flagitabat
1352 2935 1410 2984 A).
1473 2938 1535 2972 25.
1554 2948 1800 2984 comparere
1819 2938 1866 2973 H.
1928 2937 1991 2972 26.
2011 2935 2182 2971 mandat

537 3007 631 3031 eum
665 2996 803 3041 egredi
835 2996 926 3043 (om.
960 2993 1228 3042 quantocius)
1260 2995 1306 3030 H.
1385 2998 1423 3029 et
1455 2995 1506 3029 ad
1539 2995 1813 3030 cruciandum
1847 2994 1898 3029 ad
1931 2994 2065 3039 ignem
2101 2992 2181 3036 HS,

537 3053 604 3088 sed
632 3054 749 3098 prius
781 3054 831 3088 ad
867 3053 907 3088 in
942 3053 975 3087 H
1009 3052 1195 3087 deletum.
