2242 3551
446 597 465 626 01

423 943 464 974 10

493 187 576 228 290
837 199 1113 230 SCRIPTORES
1146 200 1374 230 fflsromAE
1407 201 1584 230 DANICAE
1616 201 1816 230 MINORES

578 317 697 353 Anno
730 327 830 353 vero
864 317 1025 353 domini
1051 327 1297 362 .M.cc.xxm.,
1329 329 1424 354 cum
1450 319 1648 354 dominus
1668 318 1904 365 Hugolinus
1936 320 2149 366 predictus

491 385 614 422 vellet
656 386 841 431 regulam
890 397 966 433 per
1012 386 1232 422 dominum
1273 387 1510 423 Honorium
1556 388 1813 433 confirmari,
1859 388 1896 425 b.
1938 389 2014 433 Fr„
2061 400 2151 435 pre-

491 458 659 490 ostensa
699 454 778 490 sibi
811 455 930 502 prius
963 456 1105 491 celesti
1139 456 1301 492 visione
1334 456 1385 492 de
1418 456 1536 492 micis
1569 467 1727 502 panum
1761 457 2061 502 subtilissimis,
2109 461 2149 494 vt

491 523 678 569 regulam
713 524 765 559 ad
797 524 1212 571 compendiosiorem
1245 524 1424 561 formam
1455 525 1687 569 reduceret,
1720 537 1741 561 a
1770 526 1847 562 deo
1874 527 2150 572 premonitus,

493 593 682 629 ascendit
728 604 823 628 cuni
872 593 1040 629 duobus
1080 593 1281 629 fratribus
1321 594 1362 629 in
1404 597 1612 639 montem;
1659 594 1802 641 ibique
1841 595 2070 631 ieiunando
2111 598 2149 631 et

492 661 654 697 orando
694 662 895 708 regulam,
942 674 1069 709 quam
1110 674 1159 698 ex
1198 674 1271 699 ore
1314 663 1381 699 dei
1423 666 1462 699 et
1501 663 1662 699 domini
1703 664 1918 700 existentis
1950 665 2151 711 percepit,

492 730 714 777 diligenter
745 732 955 778 scripture
987 732 1314 768 commendauit.
1379 732 1429 768 Et
1465 733 1613 768 eodem
1647 744 1758 768 anno
1791 733 1869 769 fuit
1901 733 2043 779 regula
2076 745 2151 781 per

494 800 731 836 Honorium
780 801 956 845 bullata,
1005 802 1056 837 ab
1105 801 1345 847 inceptione
1392 801 1572 846 ordinis,
1620 812 1667 837 ex
1714 813 1799 848 quo
1847 803 1883 839 b.
1931 804 1992 839 Fr.
2040 804 2151 850 cepit

491 869 649 905 habere
681 869 844 914 fratres,
881 881 992 905 anno
1024 881 1086 907 xv.
1149 870 1307 906 Eodem
1341 881 1452 905 anno
1486 870 1669 906 obtinuit
1700 871 1737 906 b.
1770 872 1834 907 Fr.
1867 872 2149 918 indulgentias

494 938 767 974 portiuncule
799 943 873 975 etc.
934 941 1053 975 Anno
1093 950 1192 975 vero
1236 939 1396 974 domini
1439 939 1560 975 1224.
1591 939 1629 976 b.
1665 940 1729 976 Fr.
1770 940 1918 976 habuit
1957 940 2149 986 stigmata

493 1007 659 1051 Christi,
706 1008 877 1054 biennio
920 1011 1015 1044 ante
1055 1011 1233 1044 mortem
1273 1019 1404 1043 suam.
1466 1008 1585 1043 Anno
1633 1011 1771 1043 autem
1820 1008 1980 1044 domini
2030 1010 2150 1051 1226,

492 1077 764 1122 pontificatus
807 1077 983 1123 Honorij
1033 1089 1142 1124 pape
1188 1077 1303 1124 tercij
1353 1087 1465 1112 anno
1511 1087 1578 1120 x1.,
1625 1060 1723 1129 (1111.
1755 1077 1898 1114 Nonas
1931 1062 2149 1130 Octobris>

492 1145 529 1181 b.
568 1146 630 1181 Fr.
667 1146 864 1192 migrauit
904 1146 955 1181 ad
996 1147 1228 1191 dominum,
1274 1156 1363 1181 XLV.
1399 1157 1511 1182 anno
1551 1146 1671 1182 etatis
1705 1157 1791 1191 sue,
1837 1158 1859 1182 a
1899 1147 2035 1193 prima
2074 1158 2148 1183 sua

493 1215 544 1250 ad
571 1216 694 1251 deum
724 1216 1005 1252 conuersione
1034 1227 1144 1251 anno
1171 1226 1247 1259 xx„
1272 1216 1323 1250 ab
1350 1215 1621 1251 institucione
1646 1215 1860 1261 religionis
1887 1226 2000 1252 xvffl.
2026 1227 2150 1261 anno,

492 1295 539 1320 ex
573 1296 656 1330 quo
690 1285 850 1320 scilicet
882 1288 1053 1321 sanctus
1086 1285 1195 1331 cepit
1228 1285 1384 1320 habere
1417 1284 1579 1320 fratres.
1611 1280 1622 1336 Η

579 1390 624 1424 In
666 1389 941 1436 sequentibus
982 1389 1067 1436 (fol.
1105 1387 1378 1437 104¹·—105v>
1416 1389 1457 1424 P.
1491 1389 1536 1425 Ο.
1579 1389 1763 1436 primurn
1804 1390 1942 1426 varias
1984 1390 2147 1437 regulas

493 1448 714 1483 sororibus
755 1459 784 1482 s.
826 1447 1020 1482 Damiani
1060 1447 1150 1483 siue
1193 1458 1222 1483 s.
1259 1446 1392 1482 Clarae
1433 1458 1453 1482 a
1496 1447 1677 1482 diuersis
1718 1448 1991 1493 pontificibus
2033 1449 2150 1484 datas

493 1508 808 1540 commemorat.
859 1504 1018 1540 Deinde
1052 1505 1249 1551 disputat,
1283 1508 1423 1540 utrum
1458 1514 1569 1539 anno
1599 1505 1705 1540 1206
1735 1516 1786 1540 an
1816 1505 1921 1541 1207
1957 1506 2147 1541 ordinem

494 1563 705 1598 minorum
747 1563 927 1608 coepisse
968 1563 1021 1598 sit
1062 1562 1299 1605 dicendum,
1347 1566 1385 1597 et
1428 1562 1468 1597 in
1510 1563 1590 1597 hac
1630 1562 1915 1608 disputatione
1955 1574 2001 1598 ex
2040 1564 2149 1599 libro

493 1620 837 1655 conformitatum
882 1620 1169 1655 Bartholomei
1217 1623 1255 1655 et
1295 1620 1387 1655 aliis
1426 1620 1708 1666 scriptoribus
1749 1620 1799 1655 de
1842 1621 1963 1656 beato
2008 1621 2071 1657 Fr.
2112 1624 2150 1657 et

493 1678 627 1723 prima
663 1677 824 1713 ordinis
859 1678 1032 1713 historia
1067 1679 1211 1713 eadem
1246 1677 1331 1713 fere
1358 1680 1512 1722 narrat,
1544 1688 1639 1723 quae
1663 1679 1860 1724 superius
1885 1689 1933 1714 ex
1952 1679 2147 1714 Antonini

493 1736 701 1770 Chronica
747 1735 930 1779 tradidit,
977 1739 1015 1771 et
1056 1745 1190 1781 pauca
1232 1735 1312 1770 alia
1352 1733 1562 1783 (quiedam
1607 1736 1796 1771 eiusdem
1828 1736 1992 1782 generis
2025 1737 2147 1772 etiam

492 1793 532 1828 in
568 1792 636 1828 fol.
663 1793 732 1828 30¹*
759 1791 910 1839 habet).
966 1793 1010 1828 In
1045 1796 1228 1828 extrema
1262 1796 1380 1839 parte
1413 1803 1503 1828 eam
1537 1793 1815 1839 quaestionem
1849 1793 2023 1839 attingit,
2057 1797 2148 1830 uter

492 1850 598 1885 ordo
648 1851 764 1896 prius
813 1851 1028 1886 institutus
1077 1861 1149 1885 seu
1197 1850 1474 1886 confirmatus
1521 1861 1542 1885 a
1591 1851 1689 1887 sede
1736 1851 1969 1897 apostolica
2013 1851 2150 1894 fuerit,

494 1964 553 2000 De
585 1966 697 2000 tertio
729 1966 873 2001 ordine
904 1966 989 2001 Izoee
1020 1965 1142 2001 habet
1171 1964 1349 2002 Anthou.
1386 1966 1439 2002 lit.
1472 1965 1598 2001 XXIV
1624 1976 1711 2012 cap.
1744 1966 1798 2002 II:
1844 1966 2010 2002 Tertius
2043 1967 2148 2002 ordo

494 2027 555 2058 est
602 2023 892 2069 penitentium.
927 2054 963 2060 ..
998 2024 1068 2070 qui
1118 2024 1253 2059 actiue
1301 2024 1382 2059 vite
1425 2024 1682 2060 deseruiunt.
1746 2024 1797 2059 Hi
1844 2024 2018 2070 proprie
2065 2035 2147 2059 non

494 2081 693 2116 dicuntur
725 2081 920 2127 religiosi,
953 2082 1025 2116 sed
1060 2081 1216 2116 habent
1247 2082 1459 2127 quendam
1493 2081 1664 2117 modum
1697 2081 1865 2117 viuendi
1895 2081 2149 2127 religiosum,

494 2139 565 2184 qui
593 2142 730 2173 tamen
758 2149 839 2174 non
868 2142 929 2174 est
953 2138 1161 2185 completa
1188 2138 1344 2184 religio,
1372 2139 1563 2184 obligans
1586 2139 1637 2174 ad
1662 2139 1899 2175 essentialia
1924 2139 2148 2185 religionis.

494 2196 599 2231 Nam
635 2200 673 2231 et
706 2198 926 2242 proprium
962 2197 1118 2232 habent
1151 2199 1189 2232 et
1221 2201 1399 2242 possunt
1432 2197 1588 2232 habere
1621 2199 1658 2232 et
1692 2197 1853 2233 vxorati
1880 2207 2049 2232 manere
2082 2199 2147 2232 etc,

581 2255 615 2288 2.
656 2253 910 2289 confirmare
953 2254 993 2290 P.
1072 2254 1106 2289 6.
1148 2263 1244 2300 reg,
1292 2265 1417 2300 quam
1459 2265 1507 2289 ex
1546 2265 1619 2290 ore
1660 2254 1859 2290 domini
1893 2254 1993 2290 sibi
2027 2254 2149 2289 assi—

494 2322 686 2357 stentis
711 2323 898 2368 percepit
917 2323 960 2358 A.
1023 2323 1057 2358 9.
1076 2324 1124 2358 A:
1150 2323 1233 2358 obt.
1252 2323 1287 2358 b.
1309 2324 1371 2359 Fr.
1391 2307 1466 2375 <ab
1487 2323 1678 2359 Honorio
1702 2323 1826 2359 tertio
1844 2323 2146 2369 indulgentiam

494 2379 727 2425 plenariam
776 2383 1047 2426 peccatorum
1096 2381 1217 2415 annis
1260 2380 1436 2426 singulis
1483 2380 1784 2416 accedentibus
1831 2380 1882 2415 ad
1930 2380 2148 2416 eeclesiam

494 2451 636 2483 sancte
685 2448 813 2484 Marie
857 2449 907 2484 de
948 2449 1106 2494 angelis
1145 2447 1209 2496 (z
1234 2449 1284 2484 de
1325 2447 1616 2497 Portiuncula)
1658 2449 1791 2495 prima
1836 2449 1903 2484 die
1941 2432 2147 2499 Augusti.)

498 2506 558 2541 15.
591 2505 686 2541 Post
714 2505 783 2551 fol.
814 2505 888 2541 103
922 2506 1071 2541 inserta
1105 2509 1162 2542 est
1189 2506 1345 2541 seidulu
1375 2517 1523 2552 parua,
1554 2506 1623 2552 fol.
1660 2503 1783 2542 103th
1815 2507 1990 2552 signata,
2024 2506 2147 2541 variis

495 2565 531 2598 et
553 2563 666 2598 vario
693 2565 870 2609 tempore
892 2563 1050 2609 scriptis
1076 2563 1425 2599 adnotatiunculis
1449 2563 1585 2609 plena,
1616 2574 1718 2610 quas
1735 2563 1777 2599 P.
1801 2563 1844 2600 O.
1874 2564 1913 2599 in
1942 2564 2147 2599 memoriae

495 2620 697 2655 auxilium
739 2620 816 2655 sibi
850 2620 1087 2656 subnotasse
1129 2621 1296 2658 videtur.
1358 2621 1422 2656 Ea:
1462 2620 1526 2656 his
1557 2621 1648 2657 duoe
1689 2623 1847 2656 tantum
1881 2621 1935 2656 acl
1964 2620 2144 2656 Danium

491 2677 707 2722 pertinent,
747 2688 924 2723 quarum
959 2689 1084 2713 unam
1115 2681 1253 2724 postea
1285 2677 1340 2725 (J).
1375 2676 1470 2725 295)
1500 2679 1656 2723 aptiore
1688 2679 1774 2715 Ioco
1806 2677 2144 2722 commemorabo,

494 2735 678 2777 alteram,
727 2745 980 2782 quamquam
1021 2736 1075 2771 ad
1112 2746 1185 2780 res,
1234 2745 1323 2780 quoe
1360 2735 1426 2770 Itic
1465 2737 1702 2781 tractantur,
1750 2746 1834 2770 non
1864 2735 2143 2781 pertinentem,

496 2793 630 2827 tamen
664 2791 702 2831 h.
738 2793 759 2828 I.
790 2803 968 2838 ponam:
1006 2802 1194 2828 mccxxl.
1227 2793 1381 2828 missus
1414 2796 1476 2828 est
1507 2803 1555 2828 ex
1588 2796 1706 2839 parte
1738 2793 1775 2828 b.
1809 2793 2019 2828 Dominici
2051 2802 2144 2828 cum

495 2848 645 2884 litteris
678 2849 839 2885 domini
872 2861 978 2896 pape
1011 2850 1141 2885 frater
1173 2850 1371 2886 Salomon
1404 2850 1564 2896 legatus
1597 2851 1638 2885 in
1672 2850 1862 2893 Daniam,
1910 2853 1948 2885 et
1987 2851 2146 2896 primus

495 2906 696 2942 fundator
729 2911 789 2942 est
821 2908 1046 2943 domorum
1078 2907 1173 2946 (scil.
1206 2907 1536 2953 predicatorum)
1569 2907 1738 2943 ibidem.
1802 2907 1880 2951 Qui
1914 2907 2146 2942 honorifice

496 2967 717 3010 susceptus
750 2967 812 3000 est
843 2964 894 3000 ab
926 2965 1092 3000 Andrea
1125 2965 1309 3010 archiep.
1335 2965 1561 3001 Lundensi.
1609 2965 1659 3000 Et
1690 2965 1801 3000 circa
1838 2965 1949 3000 istud
1981 2967 2145 3010 tempus

495 3020 685 3056 instituta
725 3024 787 3056 est
827 3021 1060 3067 antiphona
1095 3021 1242 3058 Salue
1274 3022 1449 3067 regina
1493 3023 1523 3066 (3
1555 3022 1602 3057 de
1633 3021 1712 3057 Iiac
1744 3021 1818 3057 vid.
1853 3020 1892 3057 P.
1926 3021 1972 3057 D.
2004 3020 2143 3057 Steidl:

495 3077 579 3113 'Vor
613 3079 741 3113 Frues
776 3080 920 3124 Sange,
953 3079 1115 3115 Kbhvn.
1154 3079 1271 3124 1918,
1301 3090 1341 3124 p.
1378 3080 1454 3115 113
1479 3081 1572 3124 sqq).
