2242 3551
414 259 586 289 PETRvs
619 259 744 287 OLAI:
779 258 838 286 DE
870 258 1042 286 oRmNE
1076 257 1288 286 FRATRVM
1321 256 1529 284 MINORVM
1717 244 1799 284 299

229 375 463 428 ²³⁶(fol.109s).
514 374 648 414 Anno
689 372 868 413 domini
908 383 1171 412 M.CC.Lxxlx.
1220 370 1245 423 <,
1286 370 1582 424 pontificatus
1621 369 1798 409 domini

143 448 318 492 Nicolai
350 449 388 488 3.
415 460 538 487 anno
565 443 634 499 2.‚)
666 444 1006 485 illustrissimus
1037 458 1115 485 rex
1152 445 1392 484 Danorum
1420 442 1583 483 Ericus
1615 440 1799 496 (sextus)

143 523 198 563 ad
237 522 461 562 honorem
504 520 634 560 beate
683 517 826 558 Marie
869 517 1068 569 Virginis
1116 516 1347 568 genitricis
1395 515 1467 556 dei
1513 513 1583 567 (de
1628 514 1800 555 miseri-

141 591 309 646 cordia)
356 592 481 634 dedit
527 591 744 632 fratribus
791 590 1053 631 minoribus
1100 590 1226 630 hunc
1276 590 1429 629 locum
1479 588 1798 630 Ottoniensem

142 666 167 721 (‚
200 666 371 708 scilicet
402 665 579 707 curiam
613 678 746 705 suam
779 664 978 716 regalem
1006 675 1113 703 cum
1140 662 1359 702 omnibus
1386 661 1578 713 edificijs
1603 661 1800 713 desuper

141 738 413 782 constructis
461 742 503 779 et
548 751 677 778 areas
726 741 830 789 etc.‚
878 740 925 778 vt
972 737 1017 776 in
1065 732 1248 789 littera);
1297 748 1434 788 quem
1483 734 1591 774 dicti
1640 734 1799 773 fratres

140 797 283 866 (sunt)
316 811 522 863 ingressi,
559 814 601 851 et
631 810 676 851 in
712 810 825 850 festo
859 808 1212 862 Assumpcionis
1245 808 1375 848 beate
1408 807 1607 859 Virginis
1640 806 1798 846 diuina

140 885 321 939 publice
369 884 677 934 celebrabant,
727 882 854 936 prius
900 886 1055 922 tamen
1097 881 1143 922 in
1185 881 1337 933 vigilia
1378 880 1523 921 sancti
1565 878 1797 932 Laurentij

139 958 297 998 fauore
334 956 586 997 introducti
625 956 749 1008 regio
791 959 833 996 et
866 955 1040 996 ciuium
1072 954 1256 994 vnitate.
1322 954 1458 993 Hunc
1497 966 1602 993 vero
1645 953 1799 993 locum

140 1030 421 1071 reuerendus
461 1034 589 1083 pater
629 1028 848 1069 dominus
883 1028 1031 1079 Tuko,
1081 1027 1292 1080 Ripensis
1339 1026 1598 1079 episcopus,
1646 1038 1800 1066 conse-

140 1102 298 1144 crauit.
345 1099 462 1156 (Vbi)
490 1101 712 1142 fabricato
745 1099 802 1155 (et
827 1097 1168 1153 consummato)
1201 1100 1342 1141 choro
1369 1103 1652 1139 memoratus
1678 1098 1798 1138 idem

139 1190 216 1217 rex
247 1173 359 1229 (suis
386 1174 664 1228 sumptibus)
696 1178 800 1214 ante
834 1174 985 1214 maius
1018 1174 1159 1214 altare
1193 1186 1325 1213 suam
1361 1172 1491 1224 elegit
1516 1172 1800 1225 sepulturam

139 1247 442 1304 (presentibus
475 1247 687 1301 pluribus
713 1247 998 1288 notabilibus
1022 1246 1163 1299 regni,
1196 1250 1238 1286 et
1265 1247 1354 1286 hoc
1380 1246 1533 1298 ipsum
1558 1245 1603 1284 in
1633 1244 1800 1297 placito

141 1321 314 1376 Fyonie
347 1318 618 1375 publicauit)
651 1324 731 1361 etc.
779 1320 865 1361 Vbi
898 1319 991 1360 iam
1026 1319 1204 1373 pridem
1234 1319 1352 1359 filias
1379 1331 1499 1369 suas,
1533 1317 1800 1358 domicellas

138 1395 346 1436 videlicet
390 1394 691 1435 Katherinam
733 1397 774 1434 et
812 1393 993 1445 Elsabe‚
1035 1392 1275 1433 defunctas
1308 1404 1432 1432 anno
1465 1390 1644 1431 domini
1680 1391 1801 1441 1283,

138 1467 255 1509 tradi
287 1468 455 1508 fecerat
487 1467 733 1520 sepulture.
783 1466 874 1516 Qui
907 1480 985 1506 rex
1017 1479 1123 1506 cum
1158 1478 1296 1506 vxore
1330 1464 1433 1505 fecit
1466 1463 1563 1505 fieri
1592 1463 1799 1503 tabulam

139 1541 377 1595 antiquam
413 1544 454 1581 et
485 1540 576 1581 iam
604 1540 862 1593 depositam
890 1539 999 1579 satis
1024 1539 1277 1580 notabilem
1304 1551 1385 1591 pro
1415 1536 1618 1578 ecclesia.
1666 1536 1800 1576 Anno

140 1613 316 1655 domini
364 1626 631 1656 M.CCC.XL111.
681 1616 1055 1653 consummatam
1102 1613 1223 1652 hanc
1270 1610 1509 1652 ecclesiam
1559 1614 1601 1650 et
1650 1609 1799 1649 maius

139 1687 279 1728 altare
312 1686 588 1728 venerabilis
621 1690 749 1739 pater
782 1690 823 1725 et
856 1685 1076 1726 dominus
1108 1684 1246 1724 frater
1279 1684 1512 1733 Nicolaus‚
1555 1682 1799 1735 episcopus

108 1788 110 1790 -
140 1759 438 1809 Ostoniensis,
464 1759 511 1799 in
538 1760 763 1799 honorem
791 1758 997 1798 eiusdem
1018 1757 1216 1809 Virginis
1240 1756 1543 1808 consecrauit,
1566 1755 1799 1796 dominica

140 1833 347 1886 proxima
382 1836 484 1886 post
516 1832 683 1872 festum
717 1835 872 1872 sancte
908 1831 1050 1871 Marie
1084 1831 1367 1882 Magdalene,
1414 1834 1455 1870 et
1494 1834 1604 1869 tunc
1636 1827 1801 1869 consti-

141 1905 223 1946 tuit
254 1905 624 1946 anniuersarium
658 1905 781 1946 diem
815 1903 1127 1945 dedicacionis
1160 1904 1321 1944 eadem
1350 1902 1423 1943 die
1449 1902 1582 1942 annis
1609 1900 1799 1953 singulis

140 1978 374 2019 celebrari.

225 2051 394 2105 Copia
447 2051 640 2092 littere
689 2050 947 2091 eiusdem
1006 2049 1161 2090 Erici
1209 2049 1356 2100 regis
1412 2062 1579 2101 super
1626 2048 1800 2088 fundo

140 2128 452 2165 conuentus
496 2124 874 2175 Ottoniensis‚
922 2137 1024 2177 que
1072 2127 1152 2164 est
1198 2122 1250 2162 in
1300 2122 1435 2163 cista
1484 2125 1800 2162 conuentus

140 2197 242 2238 sub
276 2197 469 2249 sigillo
503 2196 824 2237 maiestatis
855 2196 1013 2248 regie.

228 2332 335 2368 1—6
366 2329 476 2379 (item
513 2328 694 2377 11-›-14)
726 2329 846 2366 verba
876 2330 1111 2376 parenthesi
1145 2330 1301 2365 inclusa
1331 2330 1470 2374 postea
1502 2339 1530 2364 s.
1557 2339 1588 2363 v.
1623 2328 1715 2363 add.
1751 2328 1799 2373 P3

137 2389 228 2435 posi
261 2389 409 2425 Ericus
441 2387 499 2437 (2)
535 2390 654 2424 antea
694 2388 914 2434 scripserat
951 2390 1232 2434 cognomento
1274 2387 1380 2432 pius,
1427 2386 1495 2421 sed
1533 2385 1619 2421 hoee
1659 2385 1801 2421 merito

140 2446 303 2491 deleuit,
357 2457 449 2481 cum
504 2447 561 2481 sic
615 2448 776 2481 vocetur
821 2446 964 2482 Ericus
1012 2445 1224 2482 Menweth.
1327 2446 1361 2479 3.
1409 2444 1459 2479 de
1508 2443 1799 2478 misericordia

140 2514 363 2550 coynomen
396 2503 525 2539 Marie
564 2514 646 2539 esse
686 2503 852 2539 videtur.
934 2505 967 2539 4.
1002 2505 1115 2539 hunc
1147 2503 1306 2538 locum:
1352 2512 1581 2547 pronomen
1615 2500 1799 2536 additum

140 2561 345 2597 ostendere
384 2561 542 2596 videtur
573 2562 604 2596 P
644 2560 730 2596 {mec
772 2571 821 2596 erc
852 2560 954 2597 libro
986 2561 1124 2608 aliquo
1160 2559 1349 2596 Ollionioe
1379 2558 1528 2604 scripto
1560 2558 1802 2603 sumpsisse.-

140 2617 211 2663 cfr.
243 2618 278 2654 J.
309 2617 508 2654 Lindboelc
539 2619 560 2654 I.
595 2619 616 2654 I.
654 2629 692 2664 p.
728 2619 818 2663 260,
843 2619 876 2654 9.
967 2620 1087 2654 4—5.
1136 2619 1272 2653 Ottofi.
1324 2618 1343 2651 f:
1394 2617 1424 2651 P
1462 2614 1501 2663 (ίῖ
1532 2631 1575 2646 ;
1605 2613 1799 2663 scilicet);

142 2675 340 2711 Otthonie
372 2673 499 2724 seu(!)
532 2676 572 2712 L.
637 2677 670 2711 7.
706 2679 803 2711 sunt
835 2675 986 2712 addidi.
1078 2676 1166 2711 fest.
1200 2676 1288 2711 Ass.
1324 2674 1358 2709 b.
1390 2674 1431 2708 V.
1454 2688 1499 2704 Ξ
1524 2673 1581 2709 15.
1617 2672 1800 2719 Augusti.

143 2734 178 2770 8.
212 2734 289 2779 vig.
317 2745 347 2769 s.
382 2734 570 2769 Lam-‚z-
595 2733 834 2780 9.A119z1311'.
882 2734 943 2770 10.
977 2734 1091 2774 tuko.
1123 2745 1150 2769 s.
1176 2744 1203 2768 s.
1237 2732 1336 2778 tyko
1371 2732 1414 2767 P.
1469 2731 1527 2766 12.
1557 2732 1651 2776 post
1680 2741 1798 2765 suam

145 2790 175 2825 P
214 2791 281 2826 hic
323 2791 550 2836 scripserat,
599 2791 709 2837 quod
755 2787 861 2827 linea
908 2790 1104 2827 subducta
1151 2789 1366 2825 delendum
1415 2799 1496 2823 esse
1542 2787 1798 2833 significauit.

146 2848 208 2884 13.
258 2848 517 2884 notabilibus
564 2846 663 2896 (non
713 2847 945 2896 nobilibus)
993 2849 1036 2885 P.
1141 2847 1316 2883 14—17.
1367 2844 1486 2880 verba
1534 2845 1607 2880 Vbi
1644 2855 1799 2891 ..pro

142 2905 316 2941 ecclesia
359 2906 390 2941 P
429 2904 599 2951 inferius
641 2905 681 2940 in
722 2906 855 2941 media
892 2906 1049 2951 passima
1093 2907 1185 2951 post
1223 2915 1254 2938 ι).
1296 2902 1349 2938 23
1393 2902 1565 2948 scripsit,
1612 2902 1681 2937 sed
1718 2903 1801 2947 ipse

144 2962 343 2998 indicauit
379 2973 423 2998 eo
463 2962 558 3007 loco,
607 2973 686 3009 quo
728 2973 772 2998 ea
812 2973 902 2998 cum
938 2964 968 2998 L
998 2962 1130 3009 posui,
1181 2959 1487 3006 transponenda
1520 2961 1554 2995 et
1585 2959 1800 2994 inserenda

143 3030 233 3055 esse.
297 3020 359 3055 20.
393 3019 605 3055 dominica
639 3023 725 3063 etc„
759 3020 779 3055 i.
807 3031 836 3056 e.
869 3020 931 3056 27.
964 3020 1028 3055 die
1056 3019 1169 3057 Julii.
1234 3018 1295 3053 23.
1330 3017 1536 3053 celebrari
1571 3017 1656 3062 PL;
1696 3017 1800 3052 cele-

145 3076 354 3113 brandum
388 3076 437 3113 G.
486 3077 693 3122 24-300,
720 3078 791 3113 21;
827 3076 875 3112 In
907 3077 970 3113 his
1004 3077 1182 3123 leyendis
1215 3075 1286 3111 GL
1320 3075 1468 3110 multos
1500 3076 1537 3110 et
1564 3084 1713 3121 yraues
1744 3085 1800 3110 er-

143 3144 253 3171 rores
283 3133 584 3171 commiserunt.

1830 1032 1870 1062 10

1832 1395 1870 1426 15

1827 1763 1869 1793 20
