2242 3551
310 691 386 723 Fol.
400 686 471 723 29¹2

497 180 580 220 206
843 190 1120 220 scmPTOREs
1154 190 1382 219 fflSTomAE
1416 190 1593 219 DANICAE
1625 191 1825 219 MINORES

498 306 592 346 Fin
628 319 746 357 sun,
795 305 1057 345 cellerarius
1099 305 1145 345 in
1182 305 1361 353 Esrom,
1408 305 1455 345 in
1498 305 1714 345 abbatem
1750 305 1863 345 Care
1898 305 2064 353 Insule‚
2112 305 2158 345 in

495 382 659 419 octaua
693 378 813 419 beati
847 377 1090 418 Laurencii
1126 378 1338 418 martiris.
1374 375 1386 431 Η

564 529 625 568 De
656 526 959 568 controuersiis
994 526 1337 568 Cisterciensiurn
1373 528 1497 569 Caroe
1529 528 1691 568 Insuloe
1723 529 1760 566 et
1791 526 2093 580 episcoporum

1169 599 1483 640 Arusiensium.

582 679 674 736 Ml.)
722 681 932 735 Cumque
956 681 1133 721 uideret
1155 681 1370 722 abbatem
1398 680 1601 734 prefatus
1628 680 1887 733 episcopus,
1921 679 1981 721 .Ρ.
2003 679 2158 731 Ugoti

496 755 668 806 filius,
715 754 952 795 hominem
997 766 1094 794 esse
1141 753 1429 805 beniuolum,
1476 757 1603 793 tanto
1651 753 1802 793 acrius
1846 756 2004 793 contra
2052 765 2156 792 eum

588 852 617 886 1.
662 850 734 885 Fin
781 854 806 887 Γ)
845 850 885 900 (i.
920 863 948 888 e.
992 852 1067 887 Fin
1107 850 1203 898 sun)
1246 849 1320 896 C73
1369 852 1441 887 Fin
1490 851 1704 888 secundus
1751 862 1887 887 errore
1932 850 2148 896 Lanqebelc

495 907 689 944 abbatem
724 908 765 944 in
796 910 878 956 fine
910 920 1046 945 versus
1083 920 1202 955 paene
1238 909 1410 945 deletum
1450 911 1546 954 erat⁷
1597 909 1763 955 ideoque
1802 908 1919 945 initio
1958 908 2158 955 sequentis

496 1000 633 1025 versus
666 992 761 1026 ante
791 1001 888 1026 care
920 989 1058 1025 insule
1092 991 1237 1026 iterum
1270 990 1466 1036 scriplum
1500 992 1564 1026 est.
1629 990 1664 1025 2.
1698 970 1853 1025 lani-<33³
1877 974 2015 1025 &urit
2068 989 2159 1025 Posi

495 1046 580 1083 haec
612 1046 732 1083 verba
765 1048 806 1083 in
839 1048 979 1083 dextro
1019 1047 1207 1094 marqine
1251 1049 1345 1083 nota
1384 1045 1466 1097 fuit
1503 1049 1696 1093 quattuor
1733 1047 1951 1083 versiculos
1989 1046 2156 1090 habens,

493 1105 562 1140 sed
595 1115 706 1141 nunc
734 1104 819 1151 fere
850 1105 994 1140 deleta:
1029 1105 1159 1140 abbas
1185 1108 1224 1141 et
1248 1105 1456 1140 dominus.
1486 1106 1567 1141 hoc
1597 1102 1767 1153 (illius‘?)
1799 1116 1952 1140 nomen
1979 1103 2127 1153 esse(‘?)
2152 1100 2155 1155 i

495 1163 640 1206 sciant,
682 1163 754 1209 qui
788 1163 914 1198 modo
941 1192 1050 1198 .....
1073 1158 1180 1213 1..
1208 1166 1480 1209 nuncupatur
1518 1162 1649 1198 abbas
1684 1157 1686 1213 Ι
1722 1165 1761 1198 et
1793 1162 2003 1198 dominus.
2041 1157 2043 1213 i
2083 1161 2159 1206 Qui

494 1219 581 1255 hoec
607 1220 778 1266 scripsit,
809 1220 1012 1266 explicare
1034 1220 1207 1256 voluisse
1232 1220 1398 1263 uidetur,
1433 1220 1601 1266 quando
1626 1219 1716 1266 quis
1739 1220 1870 1255 abbas
1896 1223 1935 1256 et
1960 1220 2158 1255 dominus

496 1277 703 1313 vocandus
726 1277 785 1313 sit.
810 1299 864 1302 —
889 1276 970 1313 Sub
1003 1277 1145 1313 ultimo
1178 1288 1293 1313 versu
1318 1277 1386 1323 fol.
1411 1277 1480 1313 280
1512 1277 1675 1324 leqitur:
1708 1280 1846 1313 actum
1881 1280 1920 1313 et
1952 1278 2155 1324 scriptum

495 1357 606 1382 anno
633 1347 794 1382 domini
826 1333 1095 1391 13.C⁰C.lx⁰x.11‘1³a.;
1128 1346 1274 1382 deinde
1304 1345 1378 1382 sub
1408 1346 1471 1382 his
1497 1347 1539 1382 in
1564 1357 1673 1382 nouo
1699 1346 1912 1382 versiculo:
1947 1346 2157 1392 Scriptum

494 1417 613 1451 Anno
647 1416 807 1452 domini
841 1403 1027 1455 §.gelih
1061 1416 1210 1462 primo.
1274 1415 1370 1451 Hoec
1400 1426 1480 1462 quo
1510 1416 1755 1464 pertineant,
1789 1414 1931 1450 nescio.

580 1473 679 1509 Inde
724 1485 747 1509 a
792 1473 862 1519 fol.
905 1473 983 1516 292
1043 1473 1151 1519 quod
1194 1473 1379 1519 primum
1427 1475 1483 1508 est
1528 1473 1661 1519 quinti
1706 1472 1989 1519 quaternionis
2036 1471 2159 1508 huius

494 1530 655 1575 codicis,
699 1541 808 1566 noua
837 1542 937 1577 pars
970 1530 1088 1566 totius
1120 1530 1252 1576 operis
1285 1523 1463 1576 incipit}
1497 1530 1630 1576 itaque
1661 1541 1817 1565 nouam
1852 1529 2157 1576 inscriptionem

495 1597 567 1633 eqo
608 1587 675 1623 hic
714 1588 878 1631 inserui,
928 1588 1101 1634 itemque
1140 1589 1420 1623 narrationem
1466 1586 1505 1623 in
1554 1588 1687 1633 capita
1735 1587 1860 1623 diuisi
1898 1587 2158 1633 capitumque

496 1656 689 1681 numeros
735 1646 887 1691 addidi,
937 1656 1028 1681 cnm
1077 1645 1118 1680 in
1166 1645 1244 1680 nac
1290 1645 1436 1680 codicis
1473 1647 1592 1691 parte
1630 1645 1746 1680 nulla
1793 1644 1997 1680 distinctio
2038 1645 2090 1680 sit
2124 1644 2159 1680 ei

495 1702 653 1747 similis,
702 1714 826 1749 quam
876 1703 915 1738 in
962 1703 1165 1749 superiori
1200 1705 1328 1748 parte,
1378 1713 1467 1749 quoe
1512 1702 1598 1738 sola
1647 1702 1733 1738 iure
1774 1701 1946 1737 Exordii
1993 1702 2159 1738 nomine

496 1760 737 1806 appellatur,
787 1760 1063 1807 repperimus,·
1111 1759 1391 1806 inscriptiones
1436 1762 1571 1795 tamen
1611 1762 1647 1795 et
1693 1759 1896 1805 Ionyiores
1944 1758 2155 1795 verborum

495 1817 616 1853 series
648 1817 781 1853 rubris
809 1818 947 1854 litteris
974 1819 1104 1863 pictae,
1138 1828 1228 1863 quoe
1252 1817 1389 1852 multis
1416 1817 1510 1852 Iocis
1536 1817 1820 1861 inuentuntur,
1853 1816 2157 1863 quodammodo

495 1874 675 1920 capitum
719 1875 834 1911 initia
869 1875 1064 1911 indicant.
1131 1875 1292 1915 Omnia,
1337 1885 1426 1920 quoe
1467 1874 1534 1910 hic
1576 1885 1700 1921 usque
1743 1874 1797 1909 ad
1831 1874 1956 1920 finem
1987 1873 2056 1919 fol.
2091 1873 2158 1910 43¹

495 1932 645 1978 scripta
677 1935 783 1975 sunt,
819 1943 998 1968 manus
1031 1934 1215 1967 octaua
1249 1932 1390 1967 litteris
1420 1931 1519 1967 satis
1550 1931 1684 1975 claris⁷
1717 1931 1786 1967 sed
1818 1942 1900 1967 non
1931 1931 2155 1967 admodum

493 1988 690 2035 pulchris,
727 1989 984 2036 versibusque
1015 1989 1166 2025 arctius
1198 1989 1442 2034 compressis
1473 1989 1672 2024 exarauit.
1722 1988 1840 2024 Nouo
1869 1988 2028 2024 auctori
2050 1988 2158 2024 hanc

493 2049 653 2092 partem
686 2047 821 2083 deberi
852 2049 1042 2094 apparet;
1074 2047 1143 2082 sed
1175 2047 1258 2092 ipse
1290 2057 1391 2092 opus
1423 2057 1543 2082 suum
1572 2046 1745 2082 Exordii
1775 2045 1889 2092 operi
1918 2045 2093 2092 adiunqi
2123 2048 2159 2082 et

494 2115 571 2149 pro
614 2107 731 2150 parte
777 2105 861 2140 eius
907 2104 1050 2140 haberi
1097 2104 1232 2147 voluit,
1280 2104 1388 2149 quod
1430 2114 1479 2139 ex
1519 2102 1648 2139 uerbis
1688 2103 1784 2146 eius,
1833 2114 1922 2149 quae
1962 2102 2073 2148 infra
2116 2102 2155 2138 in

497 2163 676 2198 extremo
722 2162 850 2208 eapite
890 2162 965 2197 XII
1005 2160 1152 2209 (paulo
1200 2163 1293 2196 ante
1337 2161 1680 2207 Appellacionem
1729 2159 1909 2207 abbatis)
1955 2160 2154 2205 lequntur,

495 2218 594 2254 satis
625 2219 770 2265 elucet;
801 2230 859 2264 ea,
894 2230 984 2266 quoe
1017 2219 1056 2254 in
1087 2218 1155 2264 fol.
1186 2218 1235 2253 27
1267 2218 1314 2253 de
1345 2217 1488 2253 abbate
1519 2218 1668 2263 Asqoto
1700 2220 1940 2258 narrantur,
1976 2217 2034 2263 iis,
2068 2228 2157 2264 quoe

498 2276 581 2321 ipse
613 2276 705 2312 inde
736 2288 760 2312 a
790 2276 860 2322 fol.
894 2276 965 2312 29Γ
1003 2275 1240 2324 (»Cumque
1274 2275 1432 2311 videret
1466 2273 1559 2323 etc.)
1591 2277 1746 2319 narrat,
1796 2277 1887 2320 apte
1923 2274 2158 2310 continuari

493 2343 611 2378 posse
654 2334 863 2379 putauisse
910 2334 1076 2376 videtur,
1126 2333 1240 2368 nulla
1289 2333 1445 2368 ratione
1488 2331 1628 2368 habita
1668 2343 1821 2376 eorum,
1870 2343 1959 2378 quoe
2002 2331 2072 2377 fol.
2105 2331 2156 2367 28

494 2390 763 2427 continentur.
825 2391 901 2427 Sed
938 2390 1014 2426 hoc
1051 2389 1197 2435 folium
1239 2390 1320 2425 iam
1359 2389 1604 2436 praecedenti
1648 2389 1909 2436 quaternioni
1947 2389 2154 2425 adnexum

492 2446 619 2492 fuisse
650 2450 686 2483 et
716 2459 764 2484 ex
793 2450 910 2494 parte
942 2448 1071 2484 verbis
1103 2446 1261 2493 scriptis
1294 2447 1504 2493 impletum
1540 2447 1616 2490 (iis,
1653 2448 1696 2481 ut
1724 2446 1883 2492 opinor,
1917 2457 2006 2492 quoe
2032 2456 2157 2492 usque

495 2504 549 2539 ad
586 2516 624 2550 p.
657 2504 797 2550 204,4
835 2506 1071 2551 pertinent),
1118 2506 1337 2550 antequam
1382 2515 1515 2540 nouus
1562 2506 1705 2539 auctor
1744 2514 1846 2550 opus
1892 2514 2011 2539 suum
2051 2503 2155 2539 anti-

495 2562 629 2607 quiori
660 2562 774 2608 operi
803 2563 1055 2609 adiunqeret,
1088 2572 1138 2597 ex
1165 2572 1209 2597 eo
1233 2561 1460 2607 perspicere
1486 2560 1590 2596 mihi
1612 2561 1760 2606 videor,
1794 2561 1901 2607 quod
1926 2560 1967 2595 in
1993 2570 2155 2596 summo

495 2619 684 2665 marqine
713 2619 782 2665 fol.
819 2620 898 2664 29Γ,
949 2630 1076 2655 manu
1115 2618 1254 2665 aliqua
1288 2614 1416 2654 'secctoe
1451 2618 1536 2664 fere
1566 2618 1691 2653 simili
1720 2617 1884 2663 scripta,
1932 2617 2019 2653 Iwec
2057 2619 2154 2653 nota

496 2676 710 2725 reperitur,
742 2687 866 2722 quam
899 2676 1095 2713 Suhmius
1126 2686 1276 2721 parum
1310 2677 1411 2711 recte
1443 2675 1484 2710 in
1518 2677 1669 2711 textum
1703 2675 1868 2720 recepit:
1914 2674 1972 2710 De
2004 2675 2154 2710 abbate

498 2732 661 2778 Asgoto.
694 2734 766 2780 qui
800 2734 850 2769 de
883 2734 964 2769 vite
997 2733 1120 2769 scola.
1164 2736 1296 2768 matre
1330 2735 1483 2768 nostra.
1525 2732 1576 2767 ad
1618 2732 1811 2767 abbatem
1853 2735 2044 2767 nostrum
2078 2731 2154 2767 fuit

495 2793 741 2836 assumptus
789 2801 883 2826 cum
925 2792 1090 2826 honore.
1128 2786 1132 2839 l
1167 2790 1239 2836 qui
1287 2790 1448 2825 inuenit
1487 2789 1629 2825 onmia
1670 2789 1780 2824 bona
1821 2798 1916 2834 erga
1957 2799 2034 2824 nos
2070 2792 2152 2824 tam

496 2847 609 2883 intus
656 2858 783 2894 quam
832 2848 945 2884 foris.
995 2859 1042 2883 ex
1089 2847 1169 2882 isto
1218 2847 1297 2881 iam
1348 2858 1397 2882 ex
1445 2858 1556 2882 nouo
1604 2847 1740 2882 oritur
1786 2856 1926 2881 sermo
1975 2856 2152 2892 presens,

497 2903 677 2947 (Ultimoe
708 2905 884 2941 duorum
919 2915 1105 2942 versuum
1145 2904 1283 2939 litterae
1325 2903 1592 2948 interierunt).
1654 2903 1749 2939 Hoec
1788 2905 1885 2938 nota
1926 2902 2152 2938 necessaria

495 2971 579 2996 non
617 2960 771 3010 fuisset,
818 2962 900 2997 nisi
935 2961 1005 3007 fol.
1039 2961 1090 2996 28
1131 2961 1212 2996 iam
1248 2960 1529 3006 Interpositum
1563 2963 1672 3005 esset,
1721 2970 1800 3006 quo
1829 2958 1940 3005 facto
1972 2970 2017 2995 ea
2050 2960 2156 2995 inter

496 3028 536 3053 se
566 3017 729 3053 diuulsa
761 3021 888 3064 erant,
924 3030 1013 3065 quoe
1044 3029 1093 3054 ex
1124 3017 1207 3053 eius
1239 3017 1415 3053 auctoris
1440 3019 1582 3061 mente,
1615 3017 1686 3063 qui
1709 3016 1778 3062 fol>
1798 3016 1850 3052 ,⁶29
1867 3026 1948 3062 sqq.
1979 3015 2150 3062 scripsit,

496 3074 696 3110 cohaerere
740 3075 956 3117 debebant‚·
1003 3085 1114 3111 nunc
1166 3075 1516 3110 »introductionis
1563 3074 1698 3117 loco«,
1746 3076 1789 3109 nt
1834 3073 1891 3108 ait
1940 3072 2154 3118 Lanqebelc

498 3131 575 3176 (vel
605 3131 831 3177 simmam),
865 3133 1046 3178 sequenti
1077 3132 1311 3167 narrationi
1337 3131 1589 3177 proefiqenda
1619 3130 1708 3176 fuit.
