2242 3551
138 218 181 246 11.
216 217 273 245 DE
291 214 580 244 FVNDATIONE
595 215 915 245 VITAESCHOLAE.
932 217 1233 246 Tv‘rAEvAiiriis.
1252 218 1588 247 AVREAEINSVLAE
1635 209 1710 248 147

67 333 202 384 illius,
241 331 478 383 diligenter
510 330 668 381 collegi
702 334 743 371 et
775 330 820 370 in
854 344 994 371 vnum
1031 333 1251 385 scriptum
1285 333 1450 384 redegi,
1493 337 1535 374 vt
1569 333 1713 373 sciant

68 404 233 460 posteri
272 403 414 445 nostri
455 406 497 443 et
537 402 705 456 posteri
745 407 1033 456 posterorum
1078 418 1161 445 nec
1200 418 1291 445 non
1341 410 1382 446 et
1427 418 1713 446 successores

68 489 239 529 eorum,
285 475 492 531 qualiter,
540 475 741 528 expulsis
781 476 920 527 nigris
963 478 1203 517 monachis
1235 479 1290 518 de
1323 478 1512 518 ecclesia
1548 479 1714 518 Montis

69 551 108 592 S.
135 549 370 590 Michaelis
401 548 511 588 foris
544 551 724 601 portam
756 548 861 589 ville
887 549 1199 598 Slesuicensis‚
1233 550 1349 590 dicta
1386 550 1573 590 ecclesia
1608 564 1712 591 cum

68 621 282 664 omnibus
322 620 693 674 possessionibus
733 621 827 661 suis
867 622 970 662 data
1013 626 1053 662 et
1093 622 1308 663 adiuncta
1348 623 1402 662 sit
1436 623 1715 663 monasterio
1742 630 1759 658 ἴ)

68 696 210 736 Auree
237 693 403 745 Insule,
437 693 631 747 qualiter
659 693 781 734 idem
808 695 1138 735 monasterium
1168 696 1312 735 Auree
1341 696 1492 736 Insule
1524 696 1713 735 inicium

69 766 325 821 sumpserit,
372 767 442 807 vel
482 779 573 819 quo
614 766 856 807 fundatore
903 768 1161 820 surrexerit,
1209 768 1437 821 quibusue
1485 769 1716 808 iudicibus

69 839 314 881 obtinuerit
354 839 473 879 dicta
516 839 637 879 bona
677 839 865 880 ecclesie
905 839 1022 880 dicte
1056 840 1095 881 S.
1132 840 1368 880 Michaelis
1408 854 1432 881 a
1474 842 1716 881 monachis

69 911 354 966 supradictis,
402 915 447 952 vt
494 910 589 964 filij,
637 911 715 965 qui
762 916 1022 964 nascentur,
1071 918 1283 953 enarrent
1330 913 1435 966 filijs
1483 914 1591 965 suis,
1638 927 1716 967 per

68 989 235 1039 quanta
297 983 562 1024 discrimina
625 988 914 1038 quantasque
968 985 1262 1026 difficultates
1315 986 1511 1026 maiores
1574 987 1714 1027 nostri
1744 993 1784 1021 1⁰

68 1057 363 1111 acquisierint
394 1056 562 1106 locum,
602 1057 646 1096 in
680 1070 771 1111 quo
804 1057 1021 1109 viuimus,
1064 1062 1104 1097 et
1138 1058 1308 1111 predia,
1349 1060 1467 1099 vnde
1502 1059 1716 1110 viuimus,

69 1136 109 1172 et
151 1134 310 1171 cetera.
388 1129 528 1181 Igitur
573 1142 695 1170 anno
741 1131 860 1171 1289.
903 1131 1089 1171 collecta
1138 1135 1245 1171 sunt
1291 1132 1375 1171 hec
1421 1133 1476 1172 de
1522 1132 1717 1172 diuersis

69 1203 311 1254 schedulis,
359 1201 487 1242 libris
519 1206 561 1242 et
592 1202 841 1256 priuilegijs
874 1203 1090 1257 antiquis,
1131 1208 1172 1244 et
1203 1204 1279 1244 hic
1311 1205 1579 1245 summatim
1615 1217 1717 1244 con-

68 1281 187 1328 gesta
221 1275 486 1329 simpliciter
518 1279 560 1315 et
592 1275 773 1315 indocte
805 1276 862 1316 ad
896 1276 1135 1317 vtilitatem
1168 1276 1429 1317 futurorum
1464 1282 1543 1318 etc.

154 1406 206 1447 ΙΙ.
271 1406 385 1447 Cum
427 1405 562 1458 igitur
600 1405 646 1446 in
688 1406 877 1446 ecclesia
912 1406 951 1447 S.
989 1407 1226 1447 Michaelis
1267 1408 1314 1448 in
1348 1408 1571 1448 suburbio
1606 1408 1718 1448 Sles-
1746 1416 1785 1445 15

69 1479 241 1520 uicensi
273 1478 383 1519 olim
417 1478 531 1531 nigri
565 1479 781 1519 monachi
815 1480 988 1519 ordinis
1023 1480 1339 1521 Cluniacensis
1371 1481 1643 1532 habitarent,
1678 1485 1718 1520 et

70 1553 188 1593 fame
234 1565 314 1592 sue
353 1551 490 1591 nimis
538 1551 715 1604 prodigi
762 1555 903 1592 totam
953 1553 1167 1592 viciniam
1219 1555 1356 1594 fetore
1403 1567 1483 1594 sue
1530 1554 1717 1593 infamie

70 1625 389 1676 maculassent,
421 1625 517 1678 ipse
550 1624 695 1665 eciam
729 1625 871 1677 locus,
904 1625 981 1678 qui
1014 1626 1199 1665 deberet
1230 1626 1320 1666 dici
1354 1630 1394 1667 et
1428 1639 1524 1666 esse
1551 1627 1718 1666 domus

69 1698 153 1749 dei,
186 1699 352 1738 domus
385 1697 628 1749 oracionis,
660 1697 807 1737 factus
839 1702 955 1738 esset
988 1699 1203 1751 spelunca
1238 1699 1469 1739 latronum
1495 1703 1536 1739 et
1562 1699 1719 1751 prosti-

69 1771 229 1811 bulum
262 1770 569 1820 meretricum,
616 1770 740 1824 quod
773 1771 930 1811 dolore
962 1770 1078 1821 (11οο,
1120 1771 1316 1824 ideoque
1349 1772 1566 1812 omnibus
1599 1784 1719 1812 exse·
1745 1780 1787 1810 20

69 1843 250 1884 crabilis
283 1847 325 1883 et
356 1843 636 1884 detestabilis
664 1843 909 1883 haberetur
933 1847 1118 1896 propter
1144 1844 1375 1884 maliciam
1401 1844 1716 1885 habitancium

69 1915 114 1956 in
154 1929 206 1957 eo
251 1916 436 1967 (nomen
484 1916 607 1956 enim
654 1915 726 1955 dei
766 1929 846 1969 per
891 1917 1077 1957 eosdem
1118 1918 1375 1958 monachos
1416 1917 1532 1957 inter
1578 1917 1719 1957 laicos

71 1988 491 2042 blasphemabatur,
538 1992 579 2028 et
618 1988 850 2041 religionis
889 1989 1127 2043 quondam
1169 1990 1429 2030 venerabile
1470 2003 1639 2030 nomen
1672 1990 1718 2029 in

70 2061 345 2102 derisionem
379 2065 419 2102 et
451 2061 721 2114 parabolam
754 2061 1044 2113 vertebatur):
1079 2062 1232 2115 itaque
1265 2075 1348 2103 nec
1374 2062 1534 2116 ijsdem
1563 2075 1719 2103 mona-

72 2134 167 2174 chis
199 2134 462 2175 oblaciones
496 2135 603 2175 dare
637 2134 793 2175 solitas
826 2147 974 2188 neque
1007 2135 1064 2175 ab
1097 2135 1161 2175 eis
1194 2139 1479 2175 sacramenta
1514 2135 1722 2176 ecclesia-.
1746 2144 1788 2174 25

72 2206 181 2247 stica
220 2207 420 2260 populus
466 2207 666 2260 accipere
713 2207 1001 2259 dignabatur.
1064 2208 1289 2248 Volebant
1338 2207 1487 2261 itaque
1534 2207 1722 2261 episcopi

73 2279 388 2332 Slesuieenses,
421 2279 500 2334 qui
529 2279 619 2320 11115
644 2280 930 2333 temporibus
954 2281 1213 2321 successiue
1239 2280 1518 2333 prefuerunt,
1551 2284 1719 2320 statum

71 2352 176 2393 dicti
223 2352 485 2406 monasterij
535 2352 783 2393 reformare
830 2353 876 2393 in
932 2353 1096 2393 melius
1153 2357 1195 2393 et
1241 2357 1441 2403 mutare3
1495 2354 1570 2393 sed
1627 2366 1719 2394 non

72 2429 315 2478 potuerunt
367 2429 552 2478 propter
607 2425 877 2465 scandalum
932 2426 1292 2477 monachorum,
1347 2426 1452 2480 quia
1512 2426 1719 2466 nondum

72 2502 197 2538 erant
227 2502 548 2539 consummata
582 2501 767 2551 peccata
801 2511 960 2539 eorum
994 2511 1141 2551 neque
1174 2498 1421 2551 publicata,
1455 2499 1571 2538 sicut
1604 2503 1720 2551 post·
1747 2508 1789 2538 30

73 2571 261 2611 modum
302 2574 407 2611 sunt
446 2570 575 2611 facta.
638 2572 763 2611 Adeo
805 2571 926 2611 enim
969 2571 1145 2611 notoria
1178 2575 1318 2622 erant,
1367 2571 1482 2611 sicut
1524 2571 1568 2611 in
1610 2571 1720 2611 actis

158 2681 192 2716 7.
227 2681 455 2727 sumpserit
487 2680 573 2726 sn,
617 2682 814 2717 sumserit
848 2682 891 2717 R.
964 2683 998 2718 8.
1032 2682 1154 2717 dictae
1189 2682 1240 2725 R,
1287 2681 1384 2716 dicti
1419 2681 1499 2717 SH.
1563 2682 1596 2716 9.
1630 2683 1723 2716 ante

75 2740 117 2772 ut
147 2740 183 2773 et
205 2740 299 2784 post
321 2738 418 2774 filiis
443 2738 530 2774 suis
555 2738 595 2774 in
625 2738 689 2774 Rs
711 2740 865 2784 puncta
889 2741 1114 2785 ponuntur,
1150 2741 1345 2784 tanquam
1374 2738 1437 2773 his
1463 2738 1558 2774 Iocis
1583 2738 1721 2784 aliqua

73 2794 312 2840 excide1·int;
343 2796 411 2831 sed
434 2807 519 2831 non
546 2795 600 2831 ita
625 2806 707 2831 esse
732 2796 814 2831 iam
840 2796 944 2832 dixit
968 2797 1012 2832 H.
1075 2797 1250 2831 18—19.
1277 2796 1428 2831 domus
1448 2825 1453 2830 .
1474 2825 1479 2831 .
1499 2796 1722 2837 oracionis,

74 2850 142 2896 cfr.
173 2851 288 2888 Isaioe
319 2863 348 2888 c.
382 2853 446 2897 56,
476 2852 518 2897 7‚·
561 2852 682 2889 Marc.
719 2853 780 2899 11,
803 2853 863 2899 17,
892 2854 943 2890 al.
1023 2854 1200 2891 22—23.
1235 2864 1387 2888 nomen
1407 2852 1722 2899 ..blasphema-

74 2907 206 2953 batur,
250 2910 320 2955 cfr.
354 2909 470 2946 Isaioe
501 2910 565 2954 52,
586 2910 621 2945 5.
698 2911 761 2946 24.
794 2911 1038 2947 vertebatur
1075 2909 1226 2959 (v'teb.)
1264 2909 1359 2952 HG;
1408 2910 1604 2946 utebatur
1639 2910 1722 2951 Rs;

74 2964 142 3010 cfr.
180 2966 325 3003 Jerem.
365 2967 430 3012 24,
457 2968 500 3011 9,-
547 2966 685 3003 Ezech.
730 2967 850 3013 18,2.
940 2968 1096 3004 eisdem
1146 2967 1225 3003 SH.
1317 2967 1379 3003 26.
1429 2968 1620 3014 accipere
1667 2968 1722 3007 G;

75 3023 259 3070 arripere
285 3024 331 3061 C.
408 3025 548 3070 itaque
574 3024 627 3068 G;
660 3031 795 3071 naque
821 3025 866 3061 C.
945 3025 1133 3072 episcopi
1164 3023 1263 3073 (effi)
1294 3024 1388 3065 HQ
1421 3024 1501 3071 ipsi
1533 3025 1619 3073 (ipi)
1646 3024 1721 3060 RS.

79 3078 140 3116 31.
173 3082 338 3117 notoria
371 3081 428 3126 G,
461 3082 623 3117 notaria
657 3082 702 3119 C.

1452 3150 1517 3180 10*
