<?xml version="1.0" encoding="UTF-8"?>
<!DOCTYPE html PUBLIC "-//W3C//DTD XHTML 1.0 Transitional//EN"
    "http://www.w3.org/TR/xhtml1/DTD/xhtml1-transitional.dtd">
<html xmlns="http://www.w3.org/1999/xhtml" xml:lang="en" lang="en">
 <head>
  <title>
</title>
<meta http-equiv="Content-Type" content="text/html;charset=utf-8" />
  <meta name='ocr-system' content='tesseract 3.04.00' />
  <meta name='ocr-capabilities' content='ocr_page ocr_carea ocr_par ocr_line ocrx_word'/>
</head>
<body>
  <div class='ocr_page' id='page_1' title='image "./scriptoresminore212gert/scriptoresminore212gert_0067.png"; bbox 0 0 2242 3551; ppageno 0'>
   <div class='ocr_carea' id='block_1_1' title="bbox 551 207 1705 244">
    <p class='ocr_par' dir='ltr' id='par_1_1' title="bbox 551 207 1705 244">
     <span class='ocr_line' id='line_1_1' title="bbox 551 207 1705 244; baseline 0.003 -3"><span class='ocrx_word' id='word_1_1' title='bbox 551 215 692 242; x_wconf 83' lang='lat' dir='ltr'>VETvs</span> <span class='ocrx_word' id='word_1_2' title='bbox 725 214 953 243; x_wconf 73' lang='lat' dir='ltr'>CHRONICA</span> <span class='ocrx_word' id='word_1_3' title='bbox 986 216 1223 244; x_wconf 72' lang='lat' dir='ltr'>slALANmE</span> <span class='ocrx_word' id='word_1_4' title='bbox 1654 207 1705 244; x_wconf 84' lang='lat'>57</span> 
     </span>
    </p>
   </div>
   <div class='ocr_carea' id='block_1_2' title="bbox 518 323 1251 377">
    <p class='ocr_par' dir='ltr' id='par_1_2' title="bbox 518 323 1251 377">
     <span class='ocr_line' id='line_1_2' title="bbox 518 323 1251 377; baseline 0.004 -11"><span class='ocrx_word' id='word_1_5' title='bbox 518 323 791 377; x_wconf 83' lang='lat' dir='ltr'>Epitaphium</span> <span class='ocrx_word' id='word_1_6' title='bbox 825 331 985 369; x_wconf 89' lang='lat' dir='ltr'>domini</span> <span class='ocrx_word' id='word_1_7' title='bbox 1018 333 1251 369; x_wconf 83' lang='lat' dir='ltr'>Absalonis.</span> 
     </span>
    </p>
   </div>
   <div class='ocr_carea' id='block_1_3' title="bbox 291 423 1753 676">
    <p class='ocr_par' dir='ltr' id='par_1_3' title="bbox 291 423 1753 676">
     <span class='ocr_line' id='line_1_3' title="bbox 292 423 1476 470; baseline 0.003 -12"><span class='ocrx_word' id='word_1_8' title='bbox 292 423 473 459; x_wconf 86' lang='lat' dir='ltr'>Absalon</span> <span class='ocrx_word' id='word_1_9' title='bbox 506 424 575 458; x_wconf 91' lang='lat' dir='ltr'>hic</span> <span class='ocrx_word' id='word_1_10' title='bbox 606 424 757 470; x_wconf 88' lang='lat' dir='ltr'>specie,</span> <span class='ocrx_word' id='word_1_11' title='bbox 790 425 966 460; x_wconf 82' lang='lat' dir='ltr'>Samson</span> <span class='ocrx_word' id='word_1_12' title='bbox 1001 436 1056 470; x_wconf 84' lang='lat' dir='ltr'>re,</span> <span class='ocrx_word' id='word_1_13' title='bbox 1089 428 1226 461; x_wconf 84' lang='lat' dir='ltr'>mente</span> <span class='ocrx_word' id='word_1_14' title='bbox 1259 425 1476 463; x_wconf 84' lang='lat' dir='ltr'>Salemon:</span> 
     </span>
     <span class='ocr_line' id='line_1_4' title="bbox 419 492 1348 540; baseline 0.002 -13"><span class='ocrx_word' id='word_1_15' title='bbox 419 492 588 528; x_wconf 89' lang='lat' dir='ltr'>nomine</span> <span class='ocrx_word' id='word_1_16' title='bbox 620 492 699 528; x_wconf 89' lang='lat' dir='ltr'>sub</span> <span class='ocrx_word' id='word_1_17' title='bbox 731 493 842 528; x_wconf 85' lang='lat' dir='ltr'>trino</span> <span class='ocrx_word' id='word_1_18' title='bbox 877 496 960 529; x_wconf 86' lang='lat' dir='ltr'>tres</span> <span class='ocrx_word' id='word_1_19' title='bbox 992 495 1091 539; x_wconf 84' lang='lat' dir='ltr'>tegit</span> <span class='ocrx_word' id='word_1_20' title='bbox 1124 495 1199 530; x_wconf 90' lang='lat' dir='ltr'>iste</span> <span class='ocrx_word' id='word_1_21' title='bbox 1232 494 1348 540; x_wconf 89' lang='lat' dir='ltr'>lapis.</span> 
     </span>
     <span class='ocr_line' id='line_1_5' title="bbox 291 562 1408 609; baseline 0 -11"><span class='ocrx_word' id='word_1_22' title='bbox 291 563 518 598; x_wconf 78' lang='lat' dir='ltr'>Terrarum</span> <span class='ocrx_word' id='word_1_23' title='bbox 552 564 689 597; x_wconf 82' lang='lat' dir='ltr'>terror</span> <span class='ocrx_word' id='word_1_24' title='bbox 720 562 881 606; x_wconf 82' lang='lat' dir='ltr'>teritur,</span> <span class='ocrx_word' id='word_1_25' title='bbox 913 574 1026 598; x_wconf 90' lang='lat' dir='ltr'>nunc</span> <span class='ocrx_word' id='word_1_26' title='bbox 1057 566 1186 607; x_wconf 79' lang='lat' dir='ltr'>terra3</span> <span class='ocrx_word' id='word_1_27' title='bbox 1219 565 1408 609; x_wconf 82' lang='lat' dir='ltr'>potentes</span> 
     </span>
     <span class='ocr_line' id='line_1_6' title="bbox 418 631 1753 676; baseline -0.001 -10"><span class='ocrx_word' id='word_1_28' title='bbox 418 633 571 666; x_wconf 83' lang='lat' dir='ltr'>terreat</span> <span class='ocrx_word' id='word_1_29' title='bbox 604 631 685 665; x_wconf 91' lang='lat' dir='ltr'>hoc</span> <span class='ocrx_word' id='word_1_30' title='bbox 716 631 806 666; x_wconf 82' lang='lat' dir='ltr'>eius</span> <span class='ocrx_word' id='word_1_31' title='bbox 838 642 940 676; x_wconf 82' lang='lat' dir='ltr'>esse,</span> <span class='ocrx_word' id='word_1_32' title='bbox 973 631 1113 676; x_wconf 80' lang='lat' dir='ltr'>fuisse,</span> <span class='ocrx_word' id='word_1_33' title='bbox 1146 631 1246 667; x_wconf 84' lang='lat' dir='ltr'>fore.</span> <span class='ocrx_word' id='word_1_34' title='bbox 1735 636 1753 665; x_wconf 89' lang='lat'>5</span> 
     </span>
    </p>
   </div>
   <div class='ocr_carea' id='block_1_4' title="bbox 60 754 1711 953">
    <p class='ocr_par' dir='ltr' id='par_1_4' title="bbox 60 754 1711 953">
     <span class='ocr_line' id='line_1_7' title="bbox 149 754 1710 808; baseline -0.001 -12"><span class='ocrx_word' id='word_1_35' title='bbox 149 755 327 796; x_wconf 88' lang='lat' dir='ltr'>MCCII.</span> <span class='ocrx_word' id='word_1_36' title='bbox 392 755 584 795; x_wconf 86' lang='lat' dir='ltr'>Sanctus</span> <span class='ocrx_word' id='word_1_37' title='bbox 625 754 885 796; x_wconf 86' lang='lat' dir='ltr'>Willelmus</span> <span class='ocrx_word' id='word_1_38' title='bbox 933 755 978 795; x_wconf 88' lang='lat' dir='ltr'>in</span> <span class='ocrx_word' id='word_1_39' title='bbox 1019 755 1266 808; x_wconf 87' lang='lat' dir='ltr'>AEplaeholt</span> <span class='ocrx_word' id='word_1_40' title='bbox 1311 759 1443 795; x_wconf 89' lang='lat' dir='ltr'>nocte</span> <span class='ocrx_word' id='word_1_41' title='bbox 1489 768 1710 796; x_wconf 87' lang='lat' dir='ltr'>resurrec-</span> 
     </span>
     <span class='ocr_line' id='line_1_8' title="bbox 60 827 1711 881; baseline -0.001 -13"><span class='ocrx_word' id='word_1_42' title='bbox 60 828 194 868; x_wconf 84' lang='lat' dir='ltr'>tionis</span> <span class='ocrx_word' id='word_1_43' title='bbox 219 827 463 879; x_wconf 84' lang='lat' dir='ltr'>dominice,</span> <span class='ocrx_word' id='word_1_44' title='bbox 494 828 605 867; x_wconf 91' lang='lat' dir='ltr'>dum</span> <span class='ocrx_word' id='word_1_45' title='bbox 631 827 814 868; x_wconf 87' lang='lat' dir='ltr'>tertium</span> <span class='ocrx_word' id='word_1_46' title='bbox 839 828 1184 881; x_wconf 85' lang='lat' dir='ltr'>responsorium</span> <span class='ocrx_word' id='word_1_47' title='bbox 1212 831 1463 879; x_wconf 80' lang='lat' dir='ltr'>caneretur,</span> <span class='ocrx_word' id='word_1_48' title='bbox 1497 828 1711 879; x_wconf 85' lang='lat' dir='ltr'>migrauit</span> 
     </span>
     <span class='ocr_line' id='line_1_9' title="bbox 60 900 868 953; baseline 0 -13"><span class='ocrx_word' id='word_1_49' title='bbox 60 902 117 941; x_wconf 86' lang='lat' dir='ltr'>ad</span> <span class='ocrx_word' id='word_1_50' title='bbox 149 900 406 952; x_wconf 81' lang='lat' dir='ltr'>dominum,</span> <span class='ocrx_word' id='word_1_51' title='bbox 438 913 512 941; x_wconf 90' lang='lat' dir='ltr'>v11.</span> <span class='ocrx_word' id='word_1_52' title='bbox 549 900 657 940; x_wconf 91' lang='lat' dir='ltr'>Idus</span> <span class='ocrx_word' id='word_1_53' title='bbox 688 900 868 953; x_wconf 86' lang='lat' dir='ltr'>Aprilis.</span> 
     </span>
    </p>
   </div>
   <div class='ocr_carea' id='block_1_5' title="bbox 548 1029 1220 1076">
    <p class='ocr_par' dir='ltr' id='par_1_5' title="bbox 548 1029 1220 1076">
     <span class='ocr_line' id='line_1_10' title="bbox 548 1029 1220 1076; baseline 0.001 -12"><span class='ocrx_word' id='word_1_54' title='bbox 548 1029 821 1076; x_wconf 72' lang='lat' dir='ltr'>Epitaphium</span> <span class='ocrx_word' id='word_1_55' title='bbox 855 1030 988 1065; x_wconf 82' lang='lat' dir='ltr'>sancti</span> <span class='ocrx_word' id='word_1_56' title='bbox 1021 1030 1220 1066; x_wconf 86' lang='lat' dir='ltr'>eiusdem.</span> 
     </span>
    </p>
   </div>
   <div class='ocr_carea' id='block_1_6' title="bbox 294 1121 1779 1227">
    <p class='ocr_par' dir='ltr' id='par_1_6' title="bbox 294 1121 1779 1227">
     <span class='ocr_line' id='line_1_11' title="bbox 294 1121 1779 1168; baseline 0.001 -11"><span class='ocrx_word' id='word_1_57' title='bbox 294 1122 479 1157; x_wconf 70' lang='lat' dir='ltr'>Pax-isius</span> <span class='ocrx_word' id='word_1_58' title='bbox 513 1124 647 1165; x_wconf 61' lang='lat' dir='ltr'>natm,</span> <span class='ocrx_word' id='word_1_59' title='bbox 679 1121 801 1157; x_wconf 90' lang='lat' dir='ltr'>dictis</span> <span class='ocrx_word' id='word_1_60' title='bbox 834 1121 1041 1168; x_wconf 84' lang='lat' dir='ltr'>factisque</span> <span class='ocrx_word' id='word_1_61' title='bbox 1074 1122 1234 1166; x_wconf 78' lang='lat' dir='ltr'>beatus,</span> <span class='ocrx_word' id='word_1_62' title='bbox 1738 1127 1779 1158; x_wconf 91' lang='lat'>10</span> 
     </span>
     <span class='ocr_line' id='line_1_12' title="bbox 294 1190 1426 1227; baseline 0.001 -1"><span class='ocrx_word' id='word_1_63' title='bbox 294 1190 452 1226; x_wconf 90' lang='lat' dir='ltr'>mundo</span> <span class='ocrx_word' id='word_1_64' title='bbox 485 1190 677 1226; x_wconf 86' lang='lat' dir='ltr'>sublatus</span> <span class='ocrx_word' id='word_1_65' title='bbox 708 1191 816 1226; x_wconf 86' lang='lat' dir='ltr'>iacet</span> <span class='ocrx_word' id='word_1_66' title='bbox 848 1191 916 1226; x_wconf 88' lang='lat' dir='ltr'>hic</span> <span class='ocrx_word' id='word_1_67' title='bbox 947 1191 1182 1227; x_wconf 89' lang='lat' dir='ltr'>Willelmus</span> <span class='ocrx_word' id='word_1_68' title='bbox 1216 1192 1426 1227; x_wconf 86' lang='lat' dir='ltr'>humatus.</span> 
     </span>
    </p>
   </div>
   <div class='ocr_carea' id='block_1_7' title="bbox 51 1314 1782 2388">
    <p class='ocr_par' dir='ltr' id='par_1_7' title="bbox 51 1314 1780 1586">
     <span class='ocr_line' id='line_1_13' title="bbox 147 1314 1711 1368; baseline 0 -13"><span class='ocrx_word' id='word_1_69' title='bbox 147 1315 320 1355; x_wconf 89' lang='lat' dir='ltr'>Eodem</span> <span class='ocrx_word' id='word_1_70' title='bbox 354 1328 476 1355; x_wconf 86' lang='lat' dir='ltr'>anno</span> <span class='ocrx_word' id='word_1_71' title='bbox 510 1314 623 1367; x_wconf 84' lang='lat' dir='ltr'>obijt</span> <span class='ocrx_word' id='word_1_72' title='bbox 654 1328 732 1355; x_wconf 86' lang='lat' dir='ltr'>rex</span> <span class='ocrx_word' id='word_1_73' title='bbox 766 1315 989 1366; x_wconf 77' lang='lat' dir='ltr'>Kanutus,</span> <span class='ocrx_word' id='word_1_74' title='bbox 1036 1315 1114 1368; x_wconf 89' lang='lat' dir='ltr'>qui</span> <span class='ocrx_word' id='word_1_75' title='bbox 1155 1315 1239 1356; x_wconf 85' lang='lat' dir='ltr'>fuit</span> <span class='ocrx_word' id='word_1_76' title='bbox 1271 1316 1394 1355; x_wconf 88' lang='lat' dir='ltr'>filius</span> <span class='ocrx_word' id='word_1_77' title='bbox 1428 1316 1711 1356; x_wconf 86' lang='lat' dir='ltr'>Waldemari</span> 
     </span>
     <span class='ocr_line' id='line_1_14' title="bbox 62 1387 1712 1441; baseline 0.001 -14"><span class='ocrx_word' id='word_1_78' title='bbox 62 1387 215 1439; x_wconf 82' lang='lat' dir='ltr'>Primi,</span> <span class='ocrx_word' id='word_1_79' title='bbox 259 1387 420 1441; x_wconf 85' lang='lat' dir='ltr'>(pridie</span> <span class='ocrx_word' id='word_1_80' title='bbox 455 1388 562 1428; x_wconf 88' lang='lat' dir='ltr'>Idus</span> <span class='ocrx_word' id='word_1_81' title='bbox 596 1387 886 1428; x_wconf 80' lang='lat' dir='ltr'>Nouembris.</span> <span class='ocrx_word' id='word_1_82' title='bbox 949 1388 1275 1428; x_wconf 84' lang='lat' dir='ltr'>Waldemarus</span> <span class='ocrx_word' id='word_1_83' title='bbox 1308 1389 1546 1429; x_wconf 81' lang='lat' dir='ltr'>Secundus</span> <span class='ocrx_word' id='word_1_84' title='bbox 1586 1401 1712 1428; x_wconf 89' lang='lat' dir='ltr'>coro-</span> 
     </span>
     <span class='ocr_line' id='line_1_15' title="bbox 60 1460 1712 1513; baseline 0.001 -13"><span class='ocrx_word' id='word_1_85' title='bbox 60 1463 206 1500; x_wconf 81' lang='lat' dir='ltr'>natur.</span> <span class='ocrx_word' id='word_1_86' title='bbox 270 1460 434 1501; x_wconf 90' lang='lat' dir='ltr'>Comes</span> <span class='ocrx_word' id='word_1_87' title='bbox 475 1461 718 1513; x_wconf 88' lang='lat' dir='ltr'>Adulphus</span> <span class='ocrx_word' id='word_1_88' title='bbox 766 1464 925 1513; x_wconf 83' lang='lat' dir='ltr'>captus</span> <span class='ocrx_word' id='word_1_89' title='bbox 968 1464 1047 1511; x_wconf 84' lang='lat' dir='ltr'>est,</span> <span class='ocrx_word' id='word_1_90' title='bbox 1096 1465 1138 1501; x_wconf 85' lang='lat' dir='ltr'>et</span> <span class='ocrx_word' id='word_1_91' title='bbox 1179 1466 1380 1501; x_wconf 81' lang='lat' dir='ltr'>castrum</span> <span class='ocrx_word' id='word_1_92' title='bbox 1425 1461 1712 1513; x_wconf 82' lang='lat' dir='ltr'>Segebiaergh</span> 
     </span>
     <span class='ocr_line' id='line_1_16' title="bbox 51 1518 1780 1586; baseline -0.001 -13"><span class='ocrx_word' id='word_1_93' title='bbox 51 1518 349 1586; x_wconf 63' lang='lat' dir='ltr'>⁴acquisitum.</span> <span class='ocrx_word' id='word_1_94' title='bbox 397 1532 538 1574; x_wconf 74' lang='lat' dir='ltr'>Addit.</span> <span class='ocrx_word' id='word_1_95' title='bbox 575 1532 678 1586; x_wconf 57' lang='lat' dir='ltr'>vet).</span> <span class='ocrx_word' id='word_1_96' title='bbox 1740 1541 1780 1572; x_wconf 90' lang='lat'>15</span> 
     </span>
    </p>

    <p class='ocr_par' dir='ltr' id='par_1_8' title="bbox 62 1606 1710 1731">
     <span class='ocr_line' id='line_1_17' title="bbox 147 1606 1710 1660; baseline 0.001 -15"><span class='ocrx_word' id='word_1_97' title='bbox 147 1606 372 1647; x_wconf 90' lang='lat' dir='ltr'>MCCIIII.</span> <span class='ocrx_word' id='word_1_98' title='bbox 423 1606 663 1659; x_wconf 81' lang='lat' dir='ltr'>Expeditio</span> <span class='ocrx_word' id='word_1_99' title='bbox 690 1606 807 1646; x_wconf 85' lang='lat' dir='ltr'>facta</span> <span class='ocrx_word' id='word_1_100' title='bbox 830 1607 958 1647; x_wconf 85' lang='lat' dir='ltr'>estin</span> <span class='ocrx_word' id='word_1_101' title='bbox 980 1607 1282 1659; x_wconf 80' lang='lat' dir='ltr'>Norwegiam.</span> <span class='ocrx_word' id='word_1_102' title='bbox 1332 1607 1458 1660; x_wconf 82' lang='lat' dir='ltr'>Obijt</span> <span class='ocrx_word' id='word_1_103' title='bbox 1477 1607 1710 1648; x_wconf 85' lang='lat' dir='ltr'>Esbernus</span> 
     </span>
     <span class='ocr_line' id='line_1_18' title="bbox 62 1677 1161 1731; baseline 0 -13"><span class='ocrx_word' id='word_1_104' title='bbox 62 1678 227 1719; x_wconf 88' lang='lat' dir='ltr'>Snarae.</span> <span class='ocrx_word' id='word_1_105' title='bbox 289 1677 470 1729; x_wconf 90' lang='lat' dir='ltr'>(Comes</span> <span class='ocrx_word' id='word_1_106' title='bbox 502 1679 720 1720; x_wconf 80' lang='lat' dir='ltr'>liberatus</span> <span class='ocrx_word' id='word_1_107' title='bbox 754 1683 831 1720; x_wconf 88' lang='lat' dir='ltr'>est.</span> <span class='ocrx_word' id='word_1_108' title='bbox 883 1678 1021 1720; x_wconf 80' lang='lat' dir='ltr'>Addit.</span> <span class='ocrx_word' id='word_1_109' title='bbox 1057 1680 1161 1731; x_wconf 51' lang='lat' dir='ltr'>vet).</span> 
     </span>
    </p>

    <p class='ocr_par' dir='ltr' id='par_1_9' title="bbox 63 1751 1711 1876">
     <span class='ocr_line' id='line_1_19' title="bbox 147 1751 1711 1805; baseline 0.001 -14"><span class='ocrx_word' id='word_1_110' title='bbox 147 1751 320 1793; x_wconf 91' lang='lat' dir='ltr'>MCCV.</span> <span class='ocrx_word' id='word_1_111' title='bbox 385 1753 478 1792; x_wconf 85' lang='lat' dir='ltr'>Rex</span> <span class='ocrx_word' id='word_1_112' title='bbox 509 1753 833 1793; x_wconf 85' lang='lat' dir='ltr'>Waldemarus</span> <span class='ocrx_word' id='word_1_113' title='bbox 876 1752 1005 1792; x_wconf 86' lang='lat' dir='ltr'>duxit</span> <span class='ocrx_word' id='word_1_114' title='bbox 1037 1752 1181 1793; x_wconf 88' lang='lat' dir='ltr'>filiam</span> <span class='ocrx_word' id='word_1_115' title='bbox 1215 1753 1331 1805; x_wconf 83' lang='lat' dir='ltr'>regis</span> <span class='ocrx_word' id='word_1_116' title='bbox 1365 1753 1564 1794; x_wconf 73' lang='lat' dir='ltr'>Boemie.</span> <span class='ocrx_word' id='word_1_117' title='bbox 1629 1754 1711 1793; x_wconf 83' lang='lat' dir='ltr'>Ex-</span> 
     </span>
     <span class='ocr_line' id='line_1_20' title="bbox 63 1823 587 1876; baseline 0.004 -13"><span class='ocrx_word' id='word_1_118' title='bbox 63 1823 230 1876; x_wconf 82' lang='lat' dir='ltr'>peditio</span> <span class='ocrx_word' id='word_1_119' title='bbox 264 1825 309 1864; x_wconf 95' lang='lat' dir='ltr'>in</span> <span class='ocrx_word' id='word_1_120' title='bbox 343 1824 587 1865; x_wconf 85' lang='lat' dir='ltr'>Sclauiam.</span> 
     </span>
    </p>

    <p class='ocr_par' dir='ltr' id='par_1_10' title="bbox 62 1895 1780 2011">
     <span class='ocr_line' id='line_1_21' title="bbox 149 1895 1780 1951; baseline -0.001 -14"><span class='ocrx_word' id='word_1_121' title='bbox 149 1897 345 1938; x_wconf 89' lang='lat' dir='ltr'>MCCVI.</span> <span class='ocrx_word' id='word_1_122' title='bbox 409 1898 612 1938; x_wconf 78' lang='lat' dir='ltr'>Andreas</span> <span class='ocrx_word' id='word_1_123' title='bbox 651 1898 1028 1951; x_wconf 83' lang='lat' dir='ltr'>archiepiscopus</span> <span class='ocrx_word' id='word_1_124' title='bbox 1072 1911 1177 1938; x_wconf 90' lang='lat' dir='ltr'>cum</span> <span class='ocrx_word' id='word_1_125' title='bbox 1218 1898 1448 1950; x_wconf 83' lang='lat' dir='ltr'>germanis</span> <span class='ocrx_word' id='word_1_126' title='bbox 1495 1895 1711 1939; x_wconf 80' lang='lat' dir='ltr'>fratribus</span> <span class='ocrx_word' id='word_1_127' title='bbox 1738 1905 1780 1936; x_wconf 88' lang='lat'>20</span> 
     </span>
     <span class='ocr_line' id='line_1_22' title="bbox 62 1969 911 2011; baseline 0.002 -2"><span class='ocrx_word' id='word_1_128' title='bbox 62 1969 154 2010; x_wconf 91' lang='lat' dir='ltr'>suis</span> <span class='ocrx_word' id='word_1_129' title='bbox 187 1970 316 2010; x_wconf 84' lang='lat' dir='ltr'>duxit</span> <span class='ocrx_word' id='word_1_130' title='bbox 347 1970 594 2011; x_wconf 86' lang='lat' dir='ltr'>exercitum</span> <span class='ocrx_word' id='word_1_131' title='bbox 627 1970 674 2010; x_wconf 89' lang='lat' dir='ltr'>in</span> <span class='ocrx_word' id='word_1_132' title='bbox 709 1971 911 2011; x_wconf 87' lang='lat' dir='ltr'>Estland.</span> 
     </span>
    </p>

    <p class='ocr_par' dir='ltr' id='par_1_11' title="bbox 150 2043 1711 2096">
     <span class='ocr_line' id='line_1_23' title="bbox 150 2043 1711 2096; baseline 0.002 -14"><span class='ocrx_word' id='word_1_133' title='bbox 150 2043 368 2084; x_wconf 84' lang='lat' dir='ltr'>MCCVII.</span> <span class='ocrx_word' id='word_1_134' title='bbox 419 2044 511 2084; x_wconf 79' lang='lat' dir='ltr'>Rex</span> <span class='ocrx_word' id='word_1_135' title='bbox 528 2043 853 2084; x_wconf 89' lang='lat' dir='ltr'>Waldemarus</span> <span class='ocrx_word' id='word_1_136' title='bbox 879 2044 1079 2084; x_wconf 85' lang='lat' dir='ltr'>obtinuit</span> <span class='ocrx_word' id='word_1_137' title='bbox 1097 2044 1385 2096; x_wconf 79' lang='lat' dir='ltr'>Buzaeburgh</span> <span class='ocrx_word' id='word_1_138' title='bbox 1411 2048 1452 2084; x_wconf 86' lang='lat' dir='ltr'>et</span> <span class='ocrx_word' id='word_1_139' title='bbox 1478 2045 1711 2086; x_wconf 84' lang='lat' dir='ltr'>destruxit.</span> 
     </span>
    </p>

    <p class='ocr_par' dir='ltr' id='par_1_12' title="bbox 65 2102 1712 2240">
     <span class='ocr_line' id='line_1_24' title="bbox 151 2102 1712 2170; baseline 0.002 -15"><span class='ocrx_word' id='word_1_140' title='bbox 151 2115 394 2157; x_wconf 89' lang='lat' dir='ltr'>MCCVlII.</span> <span class='ocrx_word' id='word_1_141' title='bbox 444 2115 563 2156; x_wconf 89' lang='lat' dir='ltr'>Dani</span> <span class='ocrx_word' id='word_1_142' title='bbox 588 2119 858 2155; x_wconf 85' lang='lat' dir='ltr'>corruerunt</span> <span class='ocrx_word' id='word_1_143' title='bbox 883 2115 928 2155; x_wconf 92' lang='lat' dir='ltr'>in</span> <span class='ocrx_word' id='word_1_144' title='bbox 956 2116 1091 2156; x_wconf 83' lang='lat' dir='ltr'>Lenae</span> <span class='ocrx_word' id='word_1_145' title='bbox 1110 2116 1268 2157; x_wconf 91' lang='lat' dir='ltr'>Suecie</span> <span class='ocrx_word' id='word_1_146' title='bbox 1300 2116 1330 2166; x_wconf 81' lang='lat'>(3</span> <span class='ocrx_word' id='word_1_147' title='bbox 1356 2102 1546 2170; x_wconf 77' lang='lat' dir='ltr'>&lt;cecidit&gt;</span> <span class='ocrx_word' id='word_1_148' title='bbox 1581 2117 1712 2158; x_wconf 87' lang='lat' dir='ltr'>Ebbo</span> 
     </span>
     <span class='ocr_line' id='line_1_25' title="bbox 65 2186 611 2240; baseline 0 -12"><span class='ocrx_word' id='word_1_149' title='bbox 65 2187 300 2240; x_wconf 79' lang='lat' dir='ltr'>Sonaesun,</span> <span class='ocrx_word' id='word_1_150' title='bbox 331 2187 471 2228; x_wconf 75' lang='lat' dir='ltr'>Addit.</span> <span class='ocrx_word' id='word_1_151' title='bbox 507 2186 611 2240; x_wconf 66' lang='lat' dir='ltr'>vet).</span> 
     </span>
    </p>

    <p class='ocr_par' dir='ltr' id='par_1_13' title="bbox 65 2260 1782 2388">
     <span class='ocr_line' id='line_1_26' title="bbox 151 2260 1782 2315; baseline 0.001 -14"><span class='ocrx_word' id='word_1_152' title='bbox 151 2260 350 2301; x_wconf 89' lang='lat' dir='ltr'>MCCIX.</span> <span class='ocrx_word' id='word_1_153' title='bbox 400 2261 657 2314; x_wconf 87' lang='lat' dir='ltr'>Episcopus</span> <span class='ocrx_word' id='word_1_154' title='bbox 674 2261 1012 2312; x_wconf 78' lang='lat' dir='ltr'>Waldemarus,</span> <span class='ocrx_word' id='word_1_155' title='bbox 1037 2261 1115 2315; x_wconf 88' lang='lat' dir='ltr'>qui</span> <span class='ocrx_word' id='word_1_156' title='bbox 1141 2261 1264 2302; x_wconf 90' lang='lat' dir='ltr'>filius</span> <span class='ocrx_word' id='word_1_157' title='bbox 1289 2262 1374 2302; x_wconf 89' lang='lat' dir='ltr'>fuit</span> <span class='ocrx_word' id='word_1_158' title='bbox 1394 2261 1512 2314; x_wconf 82' lang='lat' dir='ltr'>regis</span> <span class='ocrx_word' id='word_1_159' title='bbox 1532 2263 1713 2312; x_wconf 78' lang='lat' dir='ltr'>Kanuti,</span> <span class='ocrx_word' id='word_1_160' title='bbox 1741 2267 1782 2297; x_wconf 86' lang='lat'>25</span> 
     </span>
     <span class='ocr_line' id='line_1_27' title="bbox 65 2332 1713 2388; baseline 0.002 -16"><span class='ocrx_word' id='word_1_161' title='bbox 65 2332 143 2386; x_wconf 88' lang='lat' dir='ltr'>qui</span> <span class='ocrx_word' id='word_1_162' title='bbox 162 2333 391 2373; x_wconf 85' lang='lat' dir='ltr'>Roskildis</span> <span class='ocrx_word' id='word_1_163' title='bbox 416 2346 440 2373; x_wconf 86' lang='lat' dir='ltr'>a</span> <span class='ocrx_word' id='word_1_164' title='bbox 461 2334 671 2374; x_wconf 87' lang='lat' dir='ltr'>Suenone</span> <span class='ocrx_word' id='word_1_165' title='bbox 697 2344 798 2385; x_wconf 80' lang='lat' dir='ltr'>rege</span> <span class='ocrx_word' id='word_1_166' title='bbox 831 2333 877 2372; x_wconf 92' lang='lat' dir='ltr'>in</span> <span class='ocrx_word' id='word_1_167' title='bbox 910 2333 1017 2374; x_wconf 92' lang='lat' dir='ltr'>dolo</span> <span class='ocrx_word' id='word_1_168' title='bbox 1050 2346 1155 2374; x_wconf 89' lang='lat' dir='ltr'>cum</span> <span class='ocrx_word' id='word_1_169' title='bbox 1176 2334 1478 2375; x_wconf 86' lang='lat' dir='ltr'>Constantino</span> <span class='ocrx_word' id='word_1_170' title='bbox 1511 2336 1713 2388; x_wconf 86' lang='lat' dir='ltr'>quodam</span> 
     </span>
    </p>
   </div>
   <div class='ocr_carea' id='block_1_8' title="bbox 107 2411 1710 2421">
    <p class='ocr_par' dir='ltr' id='par_1_14' title="bbox 107 2411 1710 2421">
     <span class='ocr_line' id='line_1_28' title="bbox 107 2411 1710 2421; baseline 0 0"><span class='ocrx_word' id='word_1_171' title='bbox 107 2411 1710 2421; x_wconf 95' lang='lat' dir='ltr'> </span> 
     </span>
    </p>
   </div>
   <div class='ocr_carea' id='block_1_9' title="bbox 66 2455 1717 3128">
    <p class='ocr_par' dir='ltr' id='par_1_15' title="bbox 66 2455 1717 3128">
     <span class='ocr_line' id='line_1_29' title="bbox 152 2455 1716 2502; baseline 0.002 -13"><span class='ocrx_word' id='word_1_172' title='bbox 152 2455 186 2489; x_wconf 88' lang='lat'>4.</span> <span class='ocrx_word' id='word_1_173' title='bbox 227 2455 398 2490; x_wconf 77' lang='lat' dir='ltr'>territur</span> <span class='ocrx_word' id='word_1_174' title='bbox 439 2465 522 2489; x_wconf 92' lang='lat' dir='ltr'>non</span> <span class='ocrx_word' id='word_1_175' title='bbox 563 2457 675 2490; x_wconf 88' lang='lat' dir='ltr'>terra</span> <span class='ocrx_word' id='word_1_176' title='bbox 708 2455 755 2498; x_wconf 76' lang='lat' dir='ltr'>H,</span> <span class='ocrx_word' id='word_1_177' title='bbox 801 2455 870 2490; x_wconf 84' lang='lat' dir='ltr'>sed</span> <span class='ocrx_word' id='word_1_178' title='bbox 911 2466 994 2491; x_wconf 91' lang='lat' dir='ltr'>non</span> <span class='ocrx_word' id='word_1_179' title='bbox 1027 2455 1152 2491; x_wconf 78' lang='lat' dir='ltr'>deleto</span> <span class='ocrx_word' id='word_1_180' title='bbox 1183 2456 1507 2502; x_wconf 76' lang='lat' dir='ltr'>suprascriptum</span> <span class='ocrx_word' id='word_1_181' title='bbox 1541 2459 1598 2492; x_wconf 84' lang='lat' dir='ltr'>est</span> <span class='ocrx_word' id='word_1_182' title='bbox 1629 2467 1716 2498; x_wconf 77' lang='lat' dir='ltr'>nee,</span> 
     </span>
     <span class='ocr_line' id='line_1_30' title="bbox 66 2510 1713 2558; baseline 0.002 -12"><span class='ocrx_word' id='word_1_183' title='bbox 66 2513 102 2546; x_wconf 81' lang='lat' dir='ltr'>et</span> <span class='ocrx_word' id='word_1_184' title='bbox 130 2511 302 2547; x_wconf 85' lang='lat' dir='ltr'>territur</span> <span class='ocrx_word' id='word_1_185' title='bbox 333 2515 369 2547; x_wconf 86' lang='lat' dir='ltr'>et</span> <span class='ocrx_word' id='word_1_186' title='bbox 400 2522 475 2547; x_wconf 89' lang='lat' dir='ltr'>nec</span> <span class='ocrx_word' id='word_1_187' title='bbox 515 2512 732 2557; x_wconf 78' lang='lat' dir='ltr'>pallidiore</span> <span class='ocrx_word' id='word_1_188' title='bbox 763 2515 991 2548; x_wconf 79' lang='lat' dir='ltr'>atramento</span> <span class='ocrx_word' id='word_1_189' title='bbox 1024 2510 1104 2549; x_wconf 81' lang='lat' dir='ltr'>alia</span> <span class='ocrx_word' id='word_1_190' title='bbox 1138 2523 1288 2548; x_wconf 80' lang='lat' dir='ltr'>manus</span> <span class='ocrx_word' id='word_1_191' title='bbox 1318 2513 1498 2558; x_wconf 79' lang='lat' dir='ltr'>scripsit,·</span> <span class='ocrx_word' id='word_1_192' title='bbox 1544 2514 1635 2549; x_wconf 83' lang='lat' dir='ltr'>inde</span> <span class='ocrx_word' id='word_1_193' title='bbox 1667 2514 1713 2549; x_wconf 87' lang='lat' dir='ltr'>S:</span> 
     </span>
     <span class='ocr_line' id='line_1_31' title="bbox 66 2568 1714 2615; baseline 0.002 -12"><span class='ocrx_word' id='word_1_194' title='bbox 66 2569 237 2604; x_wconf 86' lang='lat' dir='ltr'>territur</span> <span class='ocrx_word' id='word_1_195' title='bbox 269 2580 356 2613; x_wconf 77' lang='lat' dir='ltr'>nec,</span> <span class='ocrx_word' id='word_1_196' title='bbox 387 2569 455 2604; x_wconf 81' lang='lat' dir='ltr'>sed</span> <span class='ocrx_word' id='word_1_197' title='bbox 486 2568 561 2604; x_wconf 76' lang='lat' dir='ltr'>hoe</span> <span class='ocrx_word' id='word_1_198' title='bbox 592 2569 724 2614; x_wconf 80' lang='lat' dir='ltr'>Steph.</span> <span class='ocrx_word' id='word_1_199' title='bbox 753 2572 892 2615; x_wconf 76' lang='lat' dir='ltr'>postea</span> <span class='ocrx_word' id='word_1_200' title='bbox 923 2581 1026 2605; x_wconf 82' lang='lat' dir='ltr'>corr.</span> <span class='ocrx_word' id='word_1_201' title='bbox 1063 2570 1103 2605; x_wconf 72' lang='lat'>1⁸12</span> <span class='ocrx_word' id='word_1_202' title='bbox 1136 2570 1286 2605; x_wconf 88' lang='lat' dir='ltr'>teritur</span> <span class='ocrx_word' id='word_1_203' title='bbox 1318 2576 1407 2606; x_wconf 69' lang='lat' dir='ltr'>nuo.</span> <span class='ocrx_word' id='word_1_204' title='bbox 1470 2572 1505 2607; x_wconf 90' lang='lat'>6.</span> <span class='ocrx_word' id='word_1_205' title='bbox 1532 2571 1637 2606; x_wconf 89' lang='lat' dir='ltr'>Vilh.</span> <span class='ocrx_word' id='word_1_206' title='bbox 1673 2571 1714 2606; x_wconf 94' lang='lat' dir='ltr'>in</span> 
     </span>
     <span class='ocr_line' id='line_1_32' title="bbox 68 2625 1715 2673; baseline 0.002 -13"><span class='ocrx_word' id='word_1_207' title='bbox 68 2625 276 2671; x_wconf 82' lang='lat' dir='ltr'>AEpleholt</span> <span class='ocrx_word' id='word_1_208' title='bbox 309 2627 355 2661; x_wconf 92' lang='lat' dir='ltr'>H.</span> <span class='ocrx_word' id='word_1_209' title='bbox 429 2627 463 2661; x_wconf 90' lang='lat'>7.</span> <span class='ocrx_word' id='word_1_210' title='bbox 495 2629 687 2661; x_wconf 81' lang='lat' dir='ltr'>cantetur</span> <span class='ocrx_word' id='word_1_211' title='bbox 720 2627 766 2663; x_wconf 93' lang='lat' dir='ltr'>H.</span> <span class='ocrx_word' id='word_1_212' title='bbox 846 2628 905 2663; x_wconf 78' lang='lat'>⁴10.</span> <span class='ocrx_word' id='word_1_213' title='bbox 941 2627 1112 2673; x_wconf 84' lang='lat' dir='ltr'>Parisijs</span> <span class='ocrx_word' id='word_1_214' title='bbox 1146 2628 1191 2662; x_wconf 90' lang='lat' dir='ltr'>H.</span> <span class='ocrx_word' id='word_1_215' title='bbox 1268 2628 1442 2663; x_wconf 27' lang='lat'>13—*14</span> <span class='ocrx_word' id='word_1_216' title='bbox 1476 2631 1715 2664; x_wconf 79' lang='lat' dir='ltr'>coronatus.</span> 
     </span>
     <span class='ocr_line' id='line_1_33' title="bbox 68 2682 1714 2730; baseline 0.001 -12"><span class='ocrx_word' id='word_1_217' title='bbox 68 2682 116 2717; x_wconf 84' lang='lat' dir='ltr'>Et</span> <span class='ocrx_word' id='word_1_218' title='bbox 147 2693 179 2719; x_wconf 92' lang='lat' dir='ltr'>c.</span> <span class='ocrx_word' id='word_1_219' title='bbox 211 2683 430 2729; x_wconf 85' lang='lat' dir='ltr'>Adolphus</span> <span class='ocrx_word' id='word_1_220' title='bbox 464 2684 511 2718; x_wconf 89' lang='lat' dir='ltr'>H.</span> <span class='ocrx_word' id='word_1_221' title='bbox 586 2685 645 2719; x_wconf 83' lang='lat'>14.</span> <span class='ocrx_word' id='word_1_222' title='bbox 680 2684 911 2730; x_wconf 82' lang='lat' dir='ltr'>Segebergh</span> <span class='ocrx_word' id='word_1_223' title='bbox 949 2685 995 2719; x_wconf 89' lang='lat' dir='ltr'>H.</span> <span class='ocrx_word' id='word_1_224' title='bbox 1069 2684 1244 2719; x_wconf 86' lang='lat'>16—17.</span> <span class='ocrx_word' id='word_1_225' title='bbox 1276 2684 1332 2720; x_wconf 85' lang='lat' dir='ltr'>sic</span> <span class='ocrx_word' id='word_1_226' title='bbox 1362 2683 1553 2720; x_wconf 78' lang='lat' dir='ltr'>scribitur</span> <span class='ocrx_word' id='word_1_227' title='bbox 1583 2686 1623 2720; x_wconf 81' lang='lat' dir='ltr'>in</span> <span class='ocrx_word' id='word_1_228' title='bbox 1659 2686 1714 2721; x_wconf 88' lang='lat' dir='ltr'>H:</span> 
     </span>
     <span class='ocr_line' id='line_1_34' title="bbox 67 2740 1713 2787; baseline 0.001 -12"><span class='ocrx_word' id='word_1_229' title='bbox 67 2740 122 2783; x_wconf 85' lang='lat' dir='ltr'>(A.</span> <span class='ocrx_word' id='word_1_230' title='bbox 141 2740 204 2784; x_wconf 79' lang='lat' dir='ltr'>D.)</span> <span class='ocrx_word' id='word_1_231' title='bbox 240 2741 360 2776; x_wconf 84' lang='grc'>1204.</span> <span class='ocrx_word' id='word_1_232' title='bbox 423 2740 572 2776; x_wconf 88' lang='lat' dir='ltr'>Comes</span> <span class='ocrx_word' id='word_1_233' title='bbox 610 2740 824 2776; x_wconf 87' lang='lat' dir='ltr'>liberatus.</span> <span class='ocrx_word' id='word_1_234' title='bbox 887 2742 987 2787; x_wconf 85' lang='lat' dir='ltr'>Exp.</span> <span class='ocrx_word' id='word_1_235' title='bbox 1022 2740 1128 2777; x_wconf 86' lang='lat' dir='ltr'>facta</span> <span class='ocrx_word' id='word_1_236' title='bbox 1169 2741 1209 2776; x_wconf 92' lang='lat' dir='ltr'>in</span> <span class='ocrx_word' id='word_1_237' title='bbox 1245 2742 1289 2777; x_wconf 92' lang='lat' dir='ltr'>N.</span> <span class='ocrx_word' id='word_1_238' title='bbox 1352 2741 1464 2787; x_wconf 86' lang='lat' dir='ltr'>Obijt</span> <span class='ocrx_word' id='word_1_239' title='bbox 1497 2742 1540 2777; x_wconf 92' lang='lat' dir='ltr'>E.</span> <span class='ocrx_word' id='word_1_240' title='bbox 1573 2743 1713 2778; x_wconf 83' lang='lat' dir='ltr'>Snare.</span> 
     </span>
     <span class='ocr_line' id='line_1_35' title="bbox 71 2796 1717 2843; baseline 0.001 -11"><span class='ocrx_word' id='word_1_241' title='bbox 71 2796 131 2832; x_wconf 87' lang='grc'>19.</span> <span class='ocrx_word' id='word_1_242' title='bbox 173 2797 379 2832; x_wconf 83' lang='lat' dir='ltr'>Sclauiam</span> <span class='ocrx_word' id='word_1_243' title='bbox 427 2797 454 2832; x_wconf 93' lang='lat' dir='ltr'>S</span> <span class='ocrx_word' id='word_1_244' title='bbox 500 2799 549 2841; x_wconf 78' lang='lat' dir='ltr'>(et</span> <span class='ocrx_word' id='word_1_245' title='bbox 587 2798 758 2843; x_wconf 80' lang='lat' dir='ltr'>A1·nas);</span> <span class='ocrx_word' id='word_1_246' title='bbox 807 2798 987 2834; x_wconf 86' lang='lat' dir='ltr'>Slaviam</span> <span class='ocrx_word' id='word_1_247' title='bbox 1036 2799 1092 2843; x_wconf 79' lang='lat' dir='ltr'>H3</span> <span class='ocrx_word' id='word_1_248' title='bbox 1141 2799 1332 2834; x_wconf 85' lang='lat' dir='ltr'>Scaniam</span> <span class='ocrx_word' id='word_1_249' title='bbox 1381 2798 1424 2834; x_wconf 89' lang='lat' dir='ltr'>C.</span> <span class='ocrx_word' id='word_1_250' title='bbox 1502 2799 1566 2835; x_wconf 94' lang='lat'>20.</span> <span class='ocrx_word' id='word_1_251' title='bbox 1615 2799 1717 2834; x_wconf 80' lang='lat' dir='ltr'>Ante</span> 
     </span>
     <span class='ocr_line' id='line_1_36' title="bbox 68 2853 1714 2901; baseline 0.002 -13"><span class='ocrx_word' id='word_1_252' title='bbox 68 2853 252 2889; x_wconf 87' lang='lat' dir='ltr'>Andreas</span> <span class='ocrx_word' id='word_1_253' title='bbox 286 2854 324 2889; x_wconf 84' lang='grc' dir='ltr'>ἰη</span> <span class='ocrx_word' id='word_1_254' title='bbox 360 2855 393 2890; x_wconf 90' lang='grc' dir='ltr'>Η</span> <span class='ocrx_word' id='word_1_255' title='bbox 425 2856 521 2898; x_wconf 84' lang='grc' dir='ltr'>(ηοη</span> <span class='ocrx_word' id='word_1_256' title='bbox 556 2854 598 2898; x_wconf 84' lang='grc'>8)</span> <span class='ocrx_word' id='word_1_257' title='bbox 628 2855 823 2900; x_wconf 76' lang='lat' dir='ltr'>scriptum</span> <span class='ocrx_word' id='word_1_258' title='bbox 854 2855 945 2900; x_wconf 81' lang='lat' dir='ltr'>fuit,</span> <span class='ocrx_word' id='word_1_259' title='bbox 979 2856 1087 2900; x_wconf 84' lang='lat' dir='ltr'>quod</span> <span class='ocrx_word' id='word_1_260' title='bbox 1114 2858 1253 2901; x_wconf 78' lang='lat' dir='ltr'>postea</span> <span class='ocrx_word' id='word_1_261' title='bbox 1285 2855 1455 2891; x_wconf 79' lang='lat' dir='ltr'>deletum</span> <span class='ocrx_word' id='word_1_262' title='bbox 1489 2858 1564 2894; x_wconf 79' lang='lat' dir='ltr'>est:</span> <span class='ocrx_word' id='word_1_263' title='bbox 1610 2856 1714 2891; x_wconf 85' lang='lat' dir='ltr'>Dani</span> 
     </span>
     <span class='ocr_line' id='line_1_37' title="bbox 72 2912 1714 2958; baseline 0.001 -13"><span class='ocrx_word' id='word_1_264' title='bbox 72 2915 322 2946; x_wconf 88' lang='lat' dir='ltr'>corruerunt</span> <span class='ocrx_word' id='word_1_265' title='bbox 346 2912 385 2946; x_wconf 92' lang='lat' dir='ltr'>in</span> <span class='ocrx_word' id='word_1_266' title='bbox 407 2912 529 2947; x_wconf 88' lang='lat' dir='ltr'>Lenae</span> <span class='ocrx_word' id='word_1_267' title='bbox 549 2912 714 2947; x_wconf 80' lang='lat' dir='ltr'>Sveeiae.</span> <span class='ocrx_word' id='word_1_268' title='bbox 748 2912 866 2948; x_wconf 86' lang='lat' dir='ltr'>Ebbo</span> <span class='ocrx_word' id='word_1_269' title='bbox 890 2914 1071 2948; x_wconf 79' lang='lat' dir='ltr'>soneson</span> <span class='ocrx_word' id='word_1_270' title='bbox 1096 2912 1377 2958; x_wconf 77' lang='lat' dir='ltr'>(anticipatum</span> <span class='ocrx_word' id='word_1_271' title='bbox 1401 2923 1450 2948; x_wconf 72' lang='lat' dir='ltr'>ex</span> <span class='ocrx_word' id='word_1_272' title='bbox 1472 2923 1504 2948; x_wconf 89' lang='grc' dir='ltr'>υ.</span> <span class='ocrx_word' id='word_1_273' title='bbox 1525 2912 1714 2957; x_wconf 67' lang='grc'>93-94).</span> 
     </span>
     <span class='ocr_line' id='line_1_38' title="bbox 71 2967 1712 3015; baseline 0.002 -13"><span class='ocrx_word' id='word_1_274' title='bbox 71 2967 133 3003; x_wconf 85' lang='grc'>21.</span> <span class='ocrx_word' id='word_1_275' title='bbox 169 2968 358 3004; x_wconf 87' lang='lat' dir='ltr'>Estlandt</span> <span class='ocrx_word' id='word_1_276' title='bbox 390 2968 429 3003; x_wconf 82' lang='lat' dir='ltr'>in</span> <span class='ocrx_word' id='word_1_277' title='bbox 465 2969 498 3003; x_wconf 94' lang='lat' dir='ltr'><em>H</em></span> <span class='ocrx_word' id='word_1_278' title='bbox 538 2970 637 3013; x_wconf 80' lang='lat' dir='ltr'>(non</span> <span class='ocrx_word' id='word_1_279' title='bbox 670 2968 712 3013; x_wconf 87' lang='lat' dir='ltr'>S)</span> <span class='ocrx_word' id='word_1_280' title='bbox 748 2980 824 3014; x_wconf 83' lang='lat' dir='ltr'>pro</span> <span class='ocrx_word' id='word_1_281' title='bbox 856 2970 981 3005; x_wconf 79' lang='lat' dir='ltr'>deleto</span> <span class='ocrx_word' id='word_1_282' title='bbox 1014 2969 1208 3005; x_wconf 85' lang='lat' dir='ltr'>Slauiam.</span> <span class='ocrx_word' id='word_1_283' title='bbox 1287 2970 1348 3004; x_wconf 86' lang='lat'>22.</span> <span class='ocrx_word' id='word_1_284' title='bbox 1383 2969 1629 3015; x_wconf 83' lang='lat' dir='ltr'>ssuzeburgh</span> <span class='ocrx_word' id='word_1_285' title='bbox 1666 2971 1712 3006; x_wconf 90' lang='lat' dir='ltr'>H.</span> 
     </span>
     <span class='ocr_line' id='line_1_39' title="bbox 71 3023 1714 3073; baseline 0.002 -14"><span class='ocrx_word' id='word_1_286' title='bbox 71 3023 133 3059; x_wconf 87' lang='lat'>23.</span> <span class='ocrx_word' id='word_1_287' title='bbox 163 3025 273 3060; x_wconf 88' lang='lat' dir='ltr'>Lene</span> <span class='ocrx_word' id='word_1_288' title='bbox 292 3025 338 3060; x_wconf 92' lang='lat' dir='ltr'>H.</span> <span class='ocrx_word' id='word_1_289' title='bbox 427 3026 577 3061; x_wconf 85' lang='lat' dir='ltr'>cecidit</span> <span class='ocrx_word' id='word_1_290' title='bbox 607 3036 679 3072; x_wconf 72' lang='lat' dir='ltr'>eqo</span> <span class='ocrx_word' id='word_1_291' title='bbox 711 3026 862 3061; x_wconf 77' lang='lat' dir='ltr'>addidi.</span> <span class='ocrx_word' id='word_1_292' title='bbox 925 3027 989 3063; x_wconf 81' lang='lat'>24.</span> <span class='ocrx_word' id='word_1_293' title='bbox 1018 3027 1205 3062; x_wconf 89' lang='lat' dir='ltr'>Soneson</span> <span class='ocrx_word' id='word_1_294' title='bbox 1225 3025 1264 3061; x_wconf 91' lang='lat' dir='ltr'>S.</span> <span class='ocrx_word' id='word_1_295' title='bbox 1326 3026 1389 3063; x_wconf 87' lang='lat'>26.</span> <span class='ocrx_word' id='word_1_296' title='bbox 1419 3027 1714 3073; x_wconf 79' lang='lat' dir='ltr'>Roschy(i)ldis</span> 
     </span>
     <span class='ocr_line' id='line_1_40' title="bbox 71 3081 922 3128; baseline 0.004 -13"><span class='ocrx_word' id='word_1_297' title='bbox 71 3081 119 3125; x_wconf 85' lang='lat' dir='ltr'>H,</span> <span class='ocrx_word' id='word_1_298' title='bbox 150 3083 193 3117; x_wconf 81' lang='lat' dir='ltr'>ut</span> <span class='ocrx_word' id='word_1_299' title='bbox 217 3082 467 3128; x_wconf 82' lang='lat' dir='ltr'>plerumque.</span> <span class='ocrx_word' id='word_1_300' title='bbox 556 3083 598 3118; x_wconf 89' lang='lat' dir='ltr'>in</span> <span class='ocrx_word' id='word_1_301' title='bbox 631 3082 728 3118; x_wconf 89' lang='lat' dir='ltr'>dolo</span> <span class='ocrx_word' id='word_1_302' title='bbox 761 3094 839 3118; x_wconf 87' lang='lat' dir='ltr'>om.</span> <span class='ocrx_word' id='word_1_303' title='bbox 875 3084 922 3119; x_wconf 92' lang='lat' dir='ltr'>H.</span> 
     </span>
    </p>
   </div>
  </div>
 </body>
</html>
