2242 3551
451 271 510 299 DE
542 270 824 298 EXPvLsmNE
857 269 1068 299 FRATRVM
1102 269 1310 298 MlNORVM
1625 258 1705 298 341

53 398 322 439 erroresque
348 385 599 425 nonnullos
618 383 923 424 Lutheranice
948 383 1159 424 factionis
1186 383 1447 432 seminaret,
1471 383 1709 437 prohibuit

56 472 160 500 eum
209 471 289 498 sue
328 457 525 498 diocesis
567 461 777 508 suggesto
818 456 1036 510 quolibet.
1107 456 1210 506 Quo
1257 456 1391 508 facto,
1439 455 1709 496 huiusmodi

54 544 214 572 rumor
256 530 449 582 Georgio
492 529 748 570 Monetario
791 528 1103 581 Malmogiano
1138 528 1352 581 innotuit,
1400 528 1479 582 qui
1519 533 1561 568 et
1599 528 1709 581 ipse,

54 603 158 644 licet
211 603 438 651 occultus,
500 601 807 642 Lutheranice
860 601 1067 641 doctrine
1121 601 1353 641 erroribus
1401 601 1566 654 plenus
1612 600 1708 641 fuit.

56 676 181 717 Fecit
212 676 348 728 igitur
379 675 636 728 predictum
671 674 955 714 sacerdotem
989 675 1046 714 ad
1081 687 1127 714 se
1152 674 1449 725 Malmogiam
1483 673 1710 724 accersiri,
1737 682 1757 712 5

55 749 126 789 cui
175 753 216 789 et
262 747 535 801 mysterium
582 747 832 787 voluntatis
886 760 966 787 sue
1019 746 1221 800 aperuit;
1282 746 1361 800 qui
1418 759 1514 787 sese
1568 758 1708 799 quam

55 820 378 862 fidelissimum
420 819 691 860 huiusmodi
731 819 981 860 voluntatis
1024 819 1257 872 pollicitus
1303 823 1369 859 est
1406 822 1710 870 executorem,

54 906 220 946 nempe
243 897 289 934 vt
314 893 462 934 heresi
483 893 747 933 Lutherana
768 892 1016 944 Malmogia
1041 892 1087 932 in
1113 892 1220 932 cleri
1247 892 1407 932 odium
1433 891 1709 932 inficeretur.

55 966 325 1007 Postulabat
354 965 491 1018 igitur
523 965 706 1019 copiam
740 965 1049 1006 concionandi
1082 964 1168 1005 sibi
1200 965 1247 1004 in
1281 965 1391 1004 vrbe
1423 964 1541 1015 fieri3
1586 965 1709 1017 quod

52 1038 150 1092 ipse
174 1038 394 1091 Georgius
414 1038 698 1079 Monetarius
720 1038 970 1091 proconsul
992 1037 1233 1078 admittere
1255 1038 1465 1078 nondum
1489 1037 1711 1087 audebat;
1740 1046 1781 1077 10

53 1111 227 1153 heresis
265 1111 388 1152 enim
422 1111 686 1152 Lutherana
727 1111 882 1151 adhuc
918 1114 1099 1150 tantum
1143 1110 1412 1151 incrementi
1445 1114 1487 1150 et
1518 1110 1711 1151 audacie

53 1184 100 1224 in
133 1184 282 1224 Dania
324 1197 419 1225 non
456 1184 696 1235 habuerat,
744 1187 970 1237 quantum
1012 1169 1175 1237 (nunc)
1211 1183 1381 1223 habere
1414 1182 1708 1236 conspicitur.

55 1256 267 1298 Ceterum
301 1261 425 1297 extra
457 1256 617 1297 vrbem
650 1256 696 1296 in
730 1257 933 1309 quodam
968 1260 1099 1309 prato
1132 1256 1267 1296 viridi
1305 1269 1411 1296 eum
1445 1256 1711 1296 concionari

53 1329 274 1382 permisit,
320 1329 367 1370 in
414 1330 617 1383 quodam
667 1329 834 1370 sacello
881 1329 1039 1369 relicto
1082 1315 1189 1383 <ibi>
1228 1329 1329 1380 sito,
1376 1342 1468 1382 quo
1512 1329 1712 1382 populus

53 1402 195 1443 ferme
247 1402 396 1442 tocius
448 1402 572 1442 vrbis
627 1401 856 1442 audiende
911 1415 1031 1442 noue
1079 1406 1120 1442 et
1166 1402 1373 1442 inaudite
1417 1399 1429 1455 Η
1474 1401 1711 1442 concionis
1741 1410 1780 1440 15
1806 1404 1930 1441 fol.6'.

54 1475 206 1527 gracia
244 1474 482 1524 conuenit3
530 1475 606 1515 vbi
647 1474 984 1515 feruentissime
1031 1475 1410 1526 concionabatur,
1458 1478 1501 1515 et
1546 1487 1712 1527 parum

53 1551 132 1588 aut
178 1547 322 1588 nichil
368 1560 449 1587 sue
495 1548 710 1588 hereseos
756 1547 1005 1588 admiscuit
1051 1547 1231 1588 erroris.
1316 1547 1542 1588 Intellexit
1588 1547 1710 1588 enim

53 1621 197 1661 homo
228 1620 483 1673 versipellis
512 1620 694 1660 malicie
727 1620 907 1660 consilii
936 1634 1030 1661 non
1054 1621 1257 1672 ignarus,
1290 1633 1383 1661 non
1410 1620 1456 1660 in
1483 1620 1712 1673 principio

54 1706 223 1746 purum
255 1706 486 1734 venenum
520 1693 882 1746 propinandum,
931 1694 1009 1734 sed
1048 1693 1272 1747 paulatim
1313 1693 1399 1733 sub
1433 1693 1582 1734 mellis
1616 1694 1712 1734 dul-

54 1765 212 1806 cedine
245 1765 510 1806 auditorum
543 1765 736 1806 auribus
769 1766 1103 1807 instillandum.
1166 1766 1346 1807 Auditis
1375 1779 1484 1807 vero
1514 1766 1711 1817 duobus,
1739 1775 1782 1805 20

54 1842 100 1878 vt
145 1851 267 1890 reor,
314 1842 494 1878 tantum
540 1838 833 1879 sermonibus
880 1839 927 1879 in
975 1851 1160 1892 campo,
1207 1839 1561 1892 collaudataque
1609 1851 1712 1879 con-

54 1911 272 1951 cionandi
310 1911 463 1963 gracia
506 1915 547 1951 et
588 1911 784 1964 puritate
825 1915 866 1952 et
904 1912 1096 1952 vtilitate
1128 1912 1255 1952 verbi
1288 1911 1450 1962 diuini,
1498 1911 1710 1964 iniquum

54 1984 285 2024 duxerunt
329 1983 443 2024 tanti
490 1984 749 2037 splendoris
796 1984 990 2035 gloriam
1038 1998 1132 2025 non
1172 1984 1290 2024 intra
1334 1984 1486 2024 menia
1532 1985 1711 2034 ducere,

56 2058 134 2097 sed
165 2056 212 2097 in
245 2069 426 2110 campo,
459 2057 648 2110 perinde
677 2070 730 2097 ac
756 2061 1035 2110 suspectum,
1069 2056 1444 2097 concionatorem
1469 2047 1727 2097 dimitteres

56 2129 252 2180 Querela
299 2129 437 2181 igitur
483 2131 538 2170 de
585 2129 935 2170 conculcatione
982 2130 1099 2182 prati
1147 2129 1267 2169 circa
1314 2130 1535 2169 sacellum
1579 2128 1712 2179 facta,
1739 2138 1782 2169 25

55 2202 248 2254 gloriam
292 2215 424 2242 suam
463 2202 511 2242 in
550 2203 711 2242 vrbem
744 2203 1039 2253 induxerunt,
1088 2203 1166 2242 sed
1209 2202 1360 2255 primo
1401 2202 1447 2241 in
1490 2202 1710 2242 sacellum

56 2279 210 2315 sancte
253 2275 433 2325 Crucis3
479 2275 557 2316 vbi
598 2275 887 2328 aliquamdiu
929 2288 1010 2315 sue
1050 2275 1262 2315 hereseos
1302 2275 1521 2327 paruulas
1561 2274 1715 2314 emisit

55 2347 237 2387 interim
262 2347 498 2400 scintillas,
523 2348 611 2388 sibi
636 2347 837 2388 fautores
862 2348 1116 2388 concilians
1134 2351 1176 2388 et
1192 2348 1469 2388 defensores.
1503 2348 1711 2387 Tandem

55 2423 121 2460 tot
161 2424 481 2461 conuenerunt
519 2420 757 2462 concionis
796 2433 876 2461 sue
909 2421 1156 2472 auditores,
1203 2424 1249 2461 vt
1289 2421 1509 2461 sacellum
1552 2433 1711 2460 eorum

57 2492 341 2533 multitudini
374 2506 670 2547 nequaquam
703 2493 945 2534 sufficeret.
1007 2493 1168 2533 Visum
1203 2497 1270 2533 est
1300 2493 1450 2544 igitur,
1494 2497 1540 2533 vt
1571 2493 1712 2545 impe·
1739 2502 1781 2533 30

56 2568 251 2605 traretur
297 2579 322 2605 a
367 2566 487 2618 regia
537 2567 775 2607 maiestate
823 2578 951 2606 sacra
994 2566 1100 2606 edes
1141 2565 1369 2605 Diuorum
1410 2565 1625 2618 Symonis
1672 2569 1714 2605 et

56 2637 188 2689 Jude‚
234 2637 311 2678 vbi
351 2640 589 2691 quondam
631 2639 760 2679 locus
802 2638 995 2679 fratrum
1035 2639 1270 2679 minorum
1311 2638 1408 2689 fuit,
1457 2639 1531 2678 sed
1573 2637 1712 2677 nimis

58 2714 302 2762 angustus3
334 2707 345 2764 Η
384 2713 509 2764 quod
543 2715 584 2751 et
618 2711 792 2752 factum
824 2712 949 2752 haud
983 2711 1179 2763 segniter
1210 2710 1307 2750 fuit.
1372 2710 1475 2760 Quo
1509 2710 1711 2750 maxima
1737 2721 1798 2753 fol.
1815 2716 1863 2751 GV.

58 2781 256 2823 ciuitatis
286 2783 422 2823 turba
454 2784 659 2836 quotidie
692 2784 932 2833 conuenit;
964 2784 1041 2825 vbi
1074 2785 1186 2824 odas
1217 2795 1324 2823 suas
1349 2784 1712 2823 decantauerunt

59 2857 100 2894 et
130 2855 296 2895 missas
329 2868 456 2896 more
491 2857 861 2897 Lutheranorum
892 2856 1067 2896 Danica
1100 2856 1222 2907 ligua
1254 2856 1470 2895 fecerunt.
1521 2855 1711 2905 Deinde,
1739 2865 1781 2897 35

57 2930 151 2967 tota
183 2927 324 2968 ferme
357 2928 541 2969 ciuitate
573 2929 683 2969 illuc
714 2933 1029 2982 concurrente,
1060 2928 1187 2968 visus
1213 2932 1277 2968 est
1304 2928 1432 2968 locus
1456 2928 1710 2968 admodum

146 3084 182 3120 2.
225 3085 402 3120 diecesis
435 3084 468 3119 K
511 3087 701 3130 typorum
742 3095 887 3120 errore.
966 3085 1027 3119 12.
1060 3095 1173 3119 nunc
1209 3080 1289 3128 (ff)
1320 3084 1472 3120 addidi.
1554 3085 1615 3120 14.
1654 3084 1711 3119 ibi

61 3139 101 3176 in
135 3140 169 3177 C
201 3142 292 3179 add.
325 3141 470 3177 Ανηαε.
534 3141 596 3177 35.
629 3142 769 3188 lingua
805 3141 888 3186 BC,
919 3141 987 3176 sed
1020 3141 1060 3177 in
1096 3141 1129 3177 C
1162 3141 1287 3177 deleto
1320 3152 1357 3177 n.
