2242 3551
465 243 523 270 DE
556 242 837 270 EXPVLSIONE
870 243 1082 271 FRATRVM
1116 242 1325 272 MlNORvM
1641 232 1724 271 355

313 357 420 410 Cap.
455 357 529 397 XI.
562 354 573 410 Η
605 357 678 397 De
713 356 1002 397 Conuentu
1038 356 1478 397 Halmstadensi.

162 429 367 506 Modus
413 463 698 517 expulsionis
746 476 823 504 seu
872 463 1122 503 inuadendi
1172 468 1454 504 conuentum
1497 464 1723 504 Halmsta-

68 539 256 578 densem
289 537 378 577 hoc
409 536 584 588 ordine,
617 536 695 589 qui
729 536 949 589 sequitur,
981 536 1130 576 factus
1163 541 1240 577 est.

153 610 286 649 Anno
329 609 506 649 domini
539 621 752 648 M.n.xxx1.
787 609 833 648 in
867 609 1045 650 Octaua
1080 609 1340 662 Epiphanie
1381 610 1559 650 domini
1601 611 1722 651 venit

67 682 255 735 quidam
281 682 510 733 sacerdos,
535 680 764 734 pessimus
790 682 1033 733 hereticus,
1060 682 1266 722 Joannes
1286 683 1722 736 Hemmyngssdyng

67 754 340 807 cognomine
387 755 442 794 de
490 754 748 803 Falsterbo,
805 755 1156 807 Luteranusque
1209 755 1609 807 peruersissimus,
1664 757 1721 796 ad

65 827 255 880 opidum
294 827 660 875 Halmstadense,
708 831 897 867 vocatus
938 840 963 867 a
996 827 1178 867 ciuibus
1219 840 1302 880 pro
1346 828 1485 868 verbo
1531 827 1720 881 (vtinam

66 897 177 953 deii)
216 899 503 939 seminando.
568 899 732 940 Paucis
772 900 939 953 elapsis
979 900 1143 940 diebus
1184 904 1287 952 post
1327 900 1425 941 eius
1466 902 1719 941 aduentum

66 973 122 1012 ad
184 972 408 1025 prefatam
470 971 705 1012 ciuitatem
771 972 1175 1013 Halmstadensem
1243 973 1539 1025 congregauit
1598 973 1720 1014 idem

66 1056 280 1097 magnam
307 1048 483 1097 partem
510 1044 685 1085 ciuium
710 1057 815 1086 cum
838 1045 1232 1097 Burgimagistris;
1262 1046 1452 1086 intrauit
1479 1047 1719 1086 ecclesiam

65 1118 257 1158 fratrum
290 1116 486 1171 prandio
519 1117 653 1168 facto,
687 1122 728 1158 et
760 1118 943 1171 publice
976 1118 1274 1159 audientibus
1307 1118 1484 1159 cunctis
1509 1119 1720 1160 assisten-

63 1190 185 1231 tibus
215 1189 538 1230 incriminatus
570 1194 637 1231 est
668 1190 829 1231 fratres
861 1191 917 1231 de
949 1191 1095 1231 tribus
1129 1191 1359 1244 precipue,
1393 1191 1564 1232 scilicet
1595 1193 1719 1246 quod

62 1263 223 1304 fratres
248 1266 400 1303 essent
424 1262 546 1303 fures
579 1263 854 1316 spirituales,
887 1264 1149 1304 animarum
1184 1264 1510 1315 interfectores,
1539 1277 1719 1305 necnon

63 1335 221 1389 populi
251 1334 474 1388 simplicis
496 1336 777 1389 deceptores,
810 1336 1014 1377 subdens
1037 1337 1243 1388 regulam
1267 1337 1460 1377 fratrum
1485 1337 1718 1378 minorum

62 1422 114 1450 ex
147 1407 289 1448 sacris
321 1407 480 1448 litteris
520 1408 713 1449 minime
754 1409 1167 1462 comprobandam.
1232 1409 1316 1450 Cui
1348 1409 1486 1450 frater
1519 1410 1717 1451 Mathias

64 1481 253 1530 Mathie,
300 1484 411 1521 tunc
457 1480 664 1521 eiusdem
712 1485 971 1522 conuentus
1018 1481 1321 1534 guardianus,
1369 1487 1577 1535 presente
1624 1487 1718 1524 toto

61 1557 294 1595 conuentu
348 1557 390 1594 et
436 1553 595 1607 populi
643 1554 953 1595 multitudinis
1001 1554 1375 1607 congregatione,
1434 1557 1719 1610 respondens

61 1626 190 1667 dixit:
230 1625 361 1666 »Diui
390 1626 521 1667 Pauli
554 1626 806 1680 prohibitio
839 1631 906 1667 est
936 1629 974 1668 2.
996 1627 1179 1668 Thimo.
1200 1629 1243 1668 2:
1276 1628 1396 1669 ‘Noli
1413 1625 1424 1682 Η
1441 1629 1716 1669 contendere

61 1693 231 1749 verbis3
274 1699 332 1739 ad
365 1698 507 1739 nichil
541 1699 663 1740 enim
696 1700 804 1741 vtile
836 1705 902 1740 est
934 1700 1023 1741 nisi
1055 1701 1112 1741 ad
1146 1700 1499 1742 subuersionem
1532 1701 1719 1742 audien-

58 1773 184 1813 tium‘
219 1776 300 1813 etc.
361 1771 501 1824 Igitur
533 1784 639 1812 cum
673 1777 715 1813 te
747 1773 875 1814 omni
909 1773 1020 1813 iuris
1053 1773 1214 1814 ordine
1247 1773 1483 1827 conspicio
1516 1787 1715 1815 vacuum

59 1868 113 1873 —-
144 1849 269 1898 puta,
314 1848 363 1884 tu
396 1848 524 1885 actor
555 1845 667 1886 false
700 1845 1036 1886 criminationis
1070 1858 1175 1886 cum
1210 1846 1285 1896 sis,
1332 1850 1380 1886 tu
1418 1846 1498 1887 tibi
1530 1846 1715 1887 testium

60 1922 101 1958 et
131 1917 297 1958 iudicis
329 1917 538 1958 officium
579 1918 874 1971 impudenter
915 1918 1207 1971 assumpsisti
1240 1934 1312 1959 ——:
1362 1932 1503 1972 quare
1541 1923 1583 1959 te
1622 1923 1718 1959 tan-

60 2003 199 2044 quam
232 1990 616 2031 calumniatorem
640 1994 682 2030 et
703 2004 797 2031 non
820 1991 1021 2031 iudicem
1046 1995 1257 2031 nostrum
1282 1991 1501 2042 refutans,
1533 1992 1732 2047 appello·

59 2067 212 2104 autem
261 2067 418 2104 contra
465 2067 507 2103 te
554 2063 611 2103 ad
668 2064 821 2103 sedem
876 2063 1319 2116 archiepiscopalem
1373 2069 1413 2104 et
1461 2064 1714 2117 capitulum

59 2135 325 2184 Lundense,
381 2135 456 2176 vbi
512 2148 668 2176 coram
722 2135 929 2176 litteratis
984 2134 1094 2175 viris
1142 2149 1214 2176 me
1262 2149 1482 2191 meosque
1529 2149 1554 2176 a
1601 2136 1715 2177 falsa

60 2208 291 2248 calumnia
323 2208 459 2248 nobis
492 2208 708 2261 imposita
734 2219 949 2261 purgans,
982 2207 1280 2262 regulamque
1306 2213 1511 2249 nostram
1536 2214 1715 2263 aposto-

144 2368 181 2403 2.
225 2367 499 2404 Halmstadefi
530 2369 582 2404 W
624 2367 663 2416 (i.
696 2379 726 2404 e.
767 2368 1148 2413 Halmstadensem,
1195 2371 1239 2404 ut
1279 2371 1379 2404 recte
1419 2367 1526 2417 BC);
1575 2370 1715 2405 Halm-

59 2424 252 2460 stadense
287 2426 320 2461 K
352 2436 496 2462 errore.
574 2427 609 2461 4.
649 2426 822 2461 domino
858 2426 900 2462 K.
991 2429 1141 2462 octaua
1181 2426 1320 2472 epiph.
1344 2441 1388 2457 Ξ
1414 2426 1474 2462 13.
1505 2426 1714 2473 Januarij.

60 2482 92 2517 5.
128 2482 500 2529 Hemmyngsdyng
523 2483 606 2527 BC,
637 2484 707 2519 sed
737 2494 838 2519 corr.
861 2483 996 2519 Arnas
1027 2483 1068 2519 tn
1093 2483 1127 2519 C
1157 2481 1266 2531 (item
1291 2482 1462 2528 inferius
1492 2495 1530 2529 ρ.
1556 2483 1644 2527 356,
1666 2484 1712 2532 9).

60 2538 95 2575 6.
135 2539 440 2587 luteranusque
472 2540 524 2575 W
562 2539 615 2589 (et
649 2551 752 2577 corr.
795 2539 862 2588 C),
909 2541 1246 2586 lutheranusque
1287 2540 1406 2577 BCK.
1487 2542 1547 2577 12.
1590 2542 1715 2577 incir-

59 2596 241 2633 minatus
273 2598 337 2642 W,
375 2609 475 2634 corr.
510 2597 593 2634 BC.
674 2598 945 2642 18.,Timotl1.
975 2598 1023 2643 II,
1058 2598 1173 2638 214.
1250 2598 1294 2633 21
1319 2608 1375 2644 sq.
1408 2597 1527 2634 verba
1560 2602 1711 2645 puta..

60 2655 325 2701 assumpsisti
372 2655 681 2701 explicationem
729 2655 940 2691 continent
973 2655 1236 2701 proecedentis
1281 2656 1488 2691 sententioe
1532 2656 1713 2701 Igitur..

60 2721 238 2747 vacuum
269 2710 322 2760 (et
352 2716 449 2759 puta
475 2727 518 2743 z
548 2712 736 2748 »betaenk
764 2713 874 2748 blot«
913 2712 952 2748 Ιι.
981 2713 1002 2749 l.
1036 2713 1141 2748 idem
1175 2712 1289 2757 valet,
1322 2712 1431 2758 quod
1461 2713 1621 2749 scilicet
1654 2714 1714 2749 vel

61 2767 187 2817 nam);
219 2768 314 2805 huic
344 2781 486 2805 rursus
517 2770 725 2806 sententioe
755 2770 971 2816 respondet
1001 2772 1212 2815 tamquam
1244 2770 1443 2805 sententia
1469 2770 1713 2816 principalis

59 2825 139 2870 illa,
173 2837 263 2872 quae
292 2827 489 2873 sequitur:
538 2827 940 2873 quare..refutans,
973 2827 1153 2873 appello,
1197 2826 1238 2861 in
1271 2837 1351 2872 qua
1382 2827 1554 2863 relatiua
1584 2828 1712 2873 parti-

59 2883 147 2918 cula
180 2894 311 2930 quare
340 2895 417 2930 pro
449 2884 771 2920 demonstratiua
810 2886 953 2931 itaque
988 2883 1122 2930 posita
1154 2886 1220 2919 est.
1297 2884 1476 2920 23—24.
1510 2884 1712 2929 refutans,

59 2940 225 2986 appello
257 2944 397 2977 autem
419 2956 464 2973 z
486 2941 677 2977 refutans
709 2942 877 2988 appello
912 2942 971 2977 vel
1002 2940 1152 2984 refuto,
1198 2941 1367 2986 appello
1407 2944 1567 2989 autem;
1618 2944 1709 2978 item

61 2996 100 3031 in
131 2997 386 3043 sequentibus
412 3008 609 3045 purgans,
642 2999 916 3045 regulamque
939 2997 1490 3044 comprobabozpurgans
1522 3000 1709 3045 regulam

60 3055 347 3100 comprobabo
381 3056 440 3091 vel
471 3055 674 3102 purgabo,
706 3056 979 3102 regulamque
1011 3054 1312 3101 comprobabo
1379 3055 1561 3092 Ceterum
1588 3057 1628 3093 in
1659 3058 1711 3092 W

59 3110 114 3145 sic
146 3112 467 3159 interpunyitur:
501 3112 702 3149 refutans.
737 3113 912 3160 Appello
944 3116 1021 3149 aut.

1433 3182 1503 3213 23*

1749 370 1809 401 fol.
1825 369 1895 403 20'.

1749 692 1768 722 5

1749 1057 1790 1087 10

1744 1419 1785 1450 15

1742 1636 1803 1668 fol.
1819 1634 1891 1669 20¹⁷.

1742 1786 1786 1817 20

1742 2149 1785 2180 25
