2242 3551
407 242 580 271 PETRvs
613 242 739 271 OLAI:
773 243 832 271 DE
865 244 1038 273 oRmNE
1072 244 1283 274 FRATRVM
1317 245 1527 275 MINORVM
1707 236 1789 275 295

136 356 389 411 Paucisque
412 357 546 398 annis
570 357 737 411 elapsis
761 357 905 398 eciam
931 359 1124 399 domum
1150 359 1489 401 Nestwethie
1512 361 1787 403 habuerunt.

135 432 218 474 Sed
259 430 502 484 pacificam
542 430 885 472 habitacionem
925 431 989 471 ibi
1021 445 1115 472 non
1148 432 1425 485 habuerunt,
1472 434 1790 476 resistentibus

135 502 374 545 monachis
406 504 461 543 de
495 503 856 556 Skowklosther,
900 504 979 559 qui
1012 508 1123 544 tunc
1162 504 1207 544 in
1242 506 1413 559 oppido
1447 506 1788 548 habitauerunt.

134 577 340 618 Tandem
387 589 510 617 anno
558 576 736 617 domini
787 578 909 629 1270,
956 578 994 618 4.
1036 577 1193 618 Nonas
1235 578 1378 633 Junij,
1426 580 1640 633 permissi
1685 585 1792 621 sunt

133 651 194 691 ibi
226 649 449 701 habitare,
482 649 600 689 datis
634 649 697 690 eis
730 651 929 703 desuper
960 650 1120 691 litteris
1152 663 1175 690 a
1212 651 1426 703 predictis
1460 654 1745 694 monachis*

220 723 342 763 *Hoc
382 725 471 763 loco
513 721 751 764 inserendae
788 728 891 764 sunt
931 723 1089 773 Iitterae,
1138 737 1237 776 quoe
1285 723 1327 763 in
1370 724 1443 777 sol.
1481 725 1606 766 108¹⁷is
1640 730 1790 779 postea

133 796 278 837 addito
309 795 479 849 scriptoe
510 794 785 849 reperiuntur
816 794 883 849 (S.
903 797 950 837 R.
972 798 1021 837 D.
1049 797 1105 846 V.,
1126 795 1232 849 515)
1246 812 1256 837 .·

327 927 508 967 Tenor
540 926 856 968 litterarum
890 927 1246 968 fundationis
1279 934 1594 971 conuentus

743 1000 1179 1042 Nestwedensis.

222 1089 484 1132 »Vniuersis
545 1089 923 1130 christifidelibus
979 1103 1167 1142 presens
1229 1090 1454 1144 scriptum
1516 1091 1791 1146 inspecturis

133 1164 396 1218 Capitulum
436 1163 775 1203 monachorum
816 1162 993 1203 ordinis
1035 1163 1181 1203 sancti
1216 1164 1450 1205 Benedicti
1483 1166 1538 1205 de
1572 1166 1792 1208 Nestuedt

132 1239 326 1279 salutem
374 1237 420 1277 in
469 1235 673 1276 domino.
750 1235 1050 1276 Vniuersitati
1101 1240 1247 1276 vestre
1295 1241 1457 1277 notum
1506 1239 1703 1280 facimus
1751 1246 1793 1281 et

132 1315 286 1352 tenore
320 1310 601 1363 presentium
635 1312 959 1362 protestamur,
1006 1310 1146 1363 quod,
1193 1309 1297 1349 licet
1342 1312 1399 1351 ad
1438 1315 1621 1364 tempus
1654 1314 1791 1355 renisi

132 1383 368 1435 fuerimus,
416 1396 473 1423 ne
510 1382 596 1423 viri
636 1381 850 1435 religiosi,
898 1382 1109 1423 videlicet
1146 1383 1306 1423 fratres
1340 1383 1557 1437 minores,
1604 1385 1649 1425 in
1684 1386 1791 1427 villa

132 1461 284 1499 nostra
339 1443 571 1497 Nestweth
627 1456 883 1495 secundum
942 1456 1216 1496 mandatum
1270 1456 1578 1509 apostolicum
1635 1460 1790 1500 locum

132 1529 439 1571 habitacionis
487 1529 730 1579 haberent,
791 1527 858 1569 vsi
906 1532 1060 1569 tamen
1108 1528 1302 1569 consilio
1352 1529 1544 1578 saniori,
1608 1533 1791 1582 propter

133 1604 323 1644 salutem
374 1602 661 1653 animarum,
718 1613 859 1655 quam
916 1614 1158 1655 speramus
1205 1615 1259 1642 ex
1305 1602 1513 1656 ipsorum
1562 1602 1791 1656 presentia

133 1675 390 1730 prouenire,
438 1688 619 1716 necnon
660 1677 846 1727 propter
883 1677 1094 1715 mutuam
1140 1675 1412 1716 charitatem
1454 1675 1572 1716 inter
1620 1689 1704 1715 nos
1751 1680 1791 1715 et

106 1749 255 1802 ipsos
304 1749 349 1788 in
397 1752 632 1801 posterum
680 1747 1067 1797 conseruandam,
1116 1748 1363 1789 liberaliter
1405 1753 1446 1788 et
1486 1748 1680 1789 libenter
1717 1749 1792 1788 ad-

133 1821 371 1874 mittimus,
419 1826 466 1862 vt
511 1821 557 1861 in
605 1820 726 1861 dicta
774 1820 881 1860 villa
928 1820 1083 1861 locum
1131 1821 1334 1862 habeant
1379 1821 1663 1863 habitacioni
1711 1835 1791 1862 sue

133 1905 403 1946 congruum,
450 1894 527 1935 vbi
568 1894 825 1935 secundum
868 1893 1043 1935 ordinis
1076 1894 1147 1934 sui
1180 1895 1566 1935 consuetudinem
1599 1894 1791 1936 domino

132 1968 314 2009 valeant
359 1966 588 2008 famulari.
675 1967 888 2019 Insuper,
947 1967 1056 2020 quia
1102 1967 1238 2008 nohis
1285 1981 1340 2008 ex
1386 1971 1513 2021 parte
1560 1968 1790 2008 dictorum

132 2041 323 2081 fratrum
372 2040 631 2081 secundum
678 2043 884 2080 nostram
932 2040 1217 2080 voluntatem
1266 2044 1332 2080 est
1373 2040 1658 2081 satisfactum
1708 2053 1791 2093 pro

133 2114 276 2155 fundo
308 2113 539 2155 Johannis
574 2112 719 2153 Lerke
752 2117 793 2153 et
825 2112 1043 2153 omnibus
1084 2112 1184 2166 alijs
1225 2113 1343 2153 dicte
1380 2113 1656 2153 habitationi
1698 2112 1787 2160 iam

133 2187 338 2238 annexis,
370 2185 649 2227 vnanimiter
680 2185 983 2237 admittimus,
1016 2190 1062 2226 vt
1091 2186 1232 2226 libere
1257 2186 1460 2227 habeant
1484 2185 1791 2228 extremitates

133 2260 384 2301 fundorum
418 2258 862 2310 circumiacentium,
897 2271 1014 2312 quas
1046 2259 1253 2299 obtinere
1285 2262 1500 2312 poterunt
1532 2271 1637 2299 cum
1672 2259 1790 2312 ipso-

134 2346 235 2373 rum
268 2332 600 2373 beneuolencia
633 2344 968 2385 possessorum,
1012 2336 1054 2372 et
1085 2332 1309 2384 argillam,
1352 2332 1389 2372 si
1423 2344 1608 2372 necesse
1642 2332 1789 2383 fuerit,

134 2418 215 2459 pro
248 2405 468 2446 lateribus
501 2404 738 2457 faciendis,
784 2404 861 2446 vbi
902 2409 1051 2458 potest
1083 2405 1376 2445 commodius
1407 2405 1583 2451 haberi,
1632 2409 1789 2444 nostra

133 2482 287 2518 tamen
320 2477 509 2519 licencia
535 2477 779 2530 mediante,
812 2490 993 2519 necnon
1027 2481 1069 2518 et
1101 2478 1189 2518 alia
1223 2477 1461 2529 beneficia,
1494 2490 1583 2531 que
1616 2477 1786 2517 eisdem

134 2551 350 2591 fratribus
392 2551 658 2603 impendere
698 2564 948 2604 possumus
995 2555 1180 2604 propter
1233 2550 1445 2590 diuinum
1494 2563 1701 2590 amorem
1750 2554 1791 2590 et

135 2627 396 2664 nostrarum
444 2623 702 2664 remedium
749 2623 1024 2664 animarum.
1088 2624 1143 2663 Et
1190 2623 1226 2663 si
1267 2624 1321 2663 de
1362 2626 1509 2663 cetero
1557 2622 1791 2674 contingat

224 2780 245 2814 6
278 2791 382 2826 seqq.
429 2779 475 2815 In
511 2779 612 2826 folio
646 2776 816 2815 103bts.r.
851 2779 956 2816 inter
994 2780 1144 2816 multas
1176 2779 1278 2815 alius
1311 2779 1593 2815 adnotationes
1624 2789 1790 2825 sparsas

138 2835 346 2873 inuenitur
382 2837 479 2882 Iioec,
528 2847 618 2883 quoe
657 2848 736 2884 quo
771 2838 975 2884 pertineat
1013 2838 1210 2873 incertum
1252 2839 1318 2882 est,
1362 2837 1432 2872 sed
1474 2836 1539 2872 illo
1571 2838 1673 2872 certe
1705 2837 1790 2871 loco

137 2893 269 2930 aliena
309 2897 381 2930 est:
427 2894 528 2930 Vide
569 2895 609 2930 in
651 2894 793 2940 litbro)
836 2896 967 2941 patris
1002 2896 1165 2930 Erasmi
1198 2894 1281 2929 Vlff
1316 2894 1475 2929 litteras
1522 2893 1790 2929 fundacionis

137 2955 372 2987 conuentus
413 2952 723 2988 Nestuedensis.
766 2952 1029 2998 Nicopensis.
1065 2952 1420 2995 HalstadensisU).
1484 2952 1534 2987 Et
1572 2952 1622 2986 dc
1662 2951 1789 2986 fratrc

134 3009 327 3056 Adolpho
376 3013 449 3045 etc.
510 3008 570 3045 De
613 3008 690 3045 hoc
734 3009 909 3045 Erasmo
956 3009 1032 3046 vid.
1081 3009 1191 3055 infru
1234 3009 1274 3045 in
1317 3020 1402 3055 cap.
1440 3008 1504 3044 IV.
1542 3008 1616 3044 sub
1651 3008 1788 3054 finem.

142 3066 203 3104 17.
244 3067 358 3114 pntia
392 3067 434 3111 Ρ,
481 3066 503 3103 i.
538 3077 567 3103 e.
609 3067 840 3113 presentia,
886 3067 1117 3114 penitentia
1158 3067 1241 3103 GL.
1318 3067 1382 3102 28.
1425 3069 1567 3102 nostre
1605 3068 1706 3110 (nie)
1747 3066 1790 3110 P,

138 3134 239 3163 corr.
269 3125 304 3164 G
378 3125 442 3161 29.
471 3125 565 3173 post
595 3134 672 3163 nec
703 3134 788 3160 non
820 3124 1015 3175 scriptum
1045 3123 1128 3174 fuit
1157 3123 1237 3163 alia
1271 3123 1447 3168 edificia,
1478 3124 1546 3161 sed
1577 3122 1722 3160 deleuit
1747 3123 1788 3162 P.

1820 1103 1861 1133 10

1818 1469 1859 1499 15

1818 1833 1860 1862 20

1817 2560 1858 2590 30
