2242 3551
448 958 487 988 10

296 1413 356 1444 fol.
372 1409 418 1444 5‘.
446 1413 485 1443 15

443 1812 485 1842 20

445 2173 486 2203 25

448 2533 490 2563 30

362 2605 423 2635 fol.
441 2602 487 2636 ὃν.

515 179 598 217 340
857 187 1132 215 SCRIPTORES
1166 187 1391 215 fflsromAE
1424 187 1600 215 DANICAE
1632 186 1831 216 M1NoREs

517 302 621 342 inde
659 305 774 341 esset
822 300 1122 352 profecturus,
1169 300 1281 339 adiit
1320 301 1472 341 denuo
1512 304 1639 353 pater
1676 300 1957 351 guardianus
1996 313 2161 354 regem,

517 378 672 427 petens
705 385 843 425 quam
877 372 1150 422 humillime,
1196 376 1243 412 vt
1282 372 1375 413 illic
1416 385 1684 425 permanere
1717 377 1901 424 possent
1933 375 1991 414 ad
2023 375 2159 414 serui-

517 447 686 486 endum
719 444 852 484 solito
884 457 1012 484 more
1036 444 1226 484 domino
1251 445 1350 485 deo.
1399 444 1489 494 Qui
1514 444 1763 497 respondit,
1795 444 1840 484 id
1866 458 2160 499 nequaquam

515 531 561 557 se
594 530 727 570 posse
759 516 946 555 vlterius
978 517 1231 569 admittere,
1274 518 1397 571 quod
1431 516 1648 556 dominus
1681 517 1817 556 castri
1848 530 1941 557 non
1975 518 2163 558 haberet

514 594 624 629 tunc
662 588 799 628 simul
838 601 943 628 cum
983 588 1071 628 illis
1105 589 1214 629 satis
1248 590 1390 642 spacii
1422 590 1480 629 ad
1513 589 1778 641 reponenda
1812 602 1908 640 sua,
1955 594 1997 630 et
2037 592 2161 643 quod

515 661 693 702 cenobii
728 674 888 701 murus
921 661 1058 701 nimis
1092 662 1380 715 propinquus
1412 665 1561 702 castro
1592 661 1722 712 foret,
1765 674 1906 714 quare
1938 665 1980 702 et
2011 663 2162 715 profli-

514 734 690 785 gandus
724 737 852 773 esset.
907 733 1157 786 Respondit
1188 738 1317 786 pater
1347 733 1643 786 gual-dianus,
1676 733 1835 773 fratres
1867 747 2161 787 nequaquam

515 807 692 846 futuros
724 805 915 846 domino
948 806 1084 845 castri
1117 806 1309 858 inquieti
1343 806 1411 846 vel
1443 806 1790 858 impedimento,
1825 807 1901 846 sed
1935 807 2085 847 solum
2110 820 2160 847 ea

514 892 651 919 causa
685 878 777 918 illic
808 890 1077 930 permanere
1110 878 1237 929 velle,
1285 883 1329 918 vt
1369 878 1559 918 domino
1600 878 1686 918 deo
1718 878 1891 918 ibidem
1925 879 2160 919 seruirent.

516 950 767 1004 Respondit
798 963 889 1001 rex,
934 950 1042 990 satis
1075 951 1218 1002 spacii
1250 950 1360 990 alibi
1392 963 1489 991 0550
1522 951 1578 990 ad
1613 951 1657 990 id
1690 951 1982 1003 patrandum.
2046 952 2163 1003 Rege

513 1034 617 1075 ergo
658 1022 974 1075 proficiscente
1015 1022 1154 1073 illinc,
1202 1023 1421 1063 dominus
1461 1022 1597 1063 castri
1630 1023 1800 1073 onmia,
1848 1036 1935 1076 que
1982 1024 2162 1064 cenobii

513 1096 650 1146 fuere,
690 1094 949 1148 occupauit,
990 1095 1208 1134 fratribus
1240 1095 1346 1135 inde
1380 1094 1558 1146 fugatis,
1600 1095 1800 1148 exceptis
1832 1095 2037 1136 vestibus
2070 1096 2164 1136 suis

513 1172 553 1208 et
585 1167 768 1208 duobus
801 1180 1026 1220 equorum
1060 1168 1262 1220 paribus,
1309 1181 1425 1221 quos
1466 1167 1685 1207 fratribus
1727 1180 1809 1220 pro
1850 1168 2079 1208 debilibus
2121 1172 2162 1209 01

516 1239 702 1280 senibus
734 1239 988 1280 auehendis
1020 1240 1224 1280 donauit.

783 1408 889 1461 Cap.
926 1408 998 1448 IV.
1030 1405 1041 1462 Η
1074 1409 1146 1448 De
1179 1408 1898 1469 ConuenturMalmogensi.

612 1480 844 1557 Historia
892 1519 933 1555 et
980 1516 1148 1555 modus
1193 1515 1583 1556 inhumanissime
1637 1515 1921 1568 expulsionis
1967 1515 2159 1556 fratrum

515 1588 743 1628 minorum
779 1588 834 1627 de
867 1587 1060 1628 cenobio
1093 1588 1218 1628 vrbis
1252 1587 1509 1639 Malmogie.

597 1661 730 1700 Anno
755 1661 813 1700 ab
836 1660 1076 1701 incarnato
1104 1661 1266 1700 mundi
1286 1661 1521 1701 Saluatore
1546 1669 1697 1701 M.D.27.
1722 1660 1845 1700 venit
1864 1661 2160 1713 Malmogiam

513 1733 701 1787 quidam
736 1733 962 1784 sacerdos,
995 1733 1164 1773 effrons
1198 1737 1239 1773 et
1271 1733 1466 1773 heretice
1498 1732 1739 1786 prauitatis
1773 1734 2002 1773 erroribus
2029 1734 2163 1774 refer-

512 1805 731 1856 tissimus,
779 1805 1012 1856 Nicolaus,
1054 1805 1241 1852 Becker,
1282 1805 1308 1845 i.
1342 1818 1378 1845 e.
1413 1809 1665 1845 tunnarum
1698 1805 1956 1855 fabricator,
1998 1817 2162 1857 cogno-

513 1877 649 1928 mine,
675 1878 742 1917 vir
766 1890 876 1918 sane
899 1877 1038 1918 totius
1063 1877 1242 1918 malicie
1266 1878 1485 1918 scatebris
1508 1891 1649 1931 quam
1674 1878 2162 1931 supereffluentissime

513 1950 748 1990 ebulliens.
822 1950 922 2003 Ipse
970 1950 1106 1999 enim,
1155 1950 1304 2003 primo
1351 1950 1398 1990 in
1445 1950 1616 1990 diocesi
1664 1950 1900 1990 Lundensi
1947 1952 2161 1991 sacerdos

514 2022 765 2073 ordinatus,
814 2035 918 2063 cum
966 2035 1060 2063 non
1107 2026 1225 2062 05501
1270 2023 1506 2076 scripturis
1554 2035 1701 2076 neque
1749 2022 1966 2063 humanis
2014 2036 2160 2077 neque

513 2094 683 2134 diuinis
708 2094 816 2135 satis
840 2095 1060 2145 eruditus,
1094 2095 1329 2135 Haffniam
1356 2095 1528 2147 regiam
1552 2095 1726 2145 vrbem,
1758 2094 1910 2135 studio
1934 2096 2161 2147 theologie

515 2167 767 2215 florentem,
815 2169 892 2207 sed
932 2168 1085 2220 potius
1122 2171 1232 2207 tunc
1265 2167 1570 2208 Lutheranice
1609 2181 1749 2221 quam
1782 2168 2006 2208 catholice
2036 2168 2161 2208 theo-

513 2239 629 2291 logie
662 2239 1000 2291 studiosiorem,
1032 2239 1172 2293 petiit,
1220 2240 1296 2280 vbi
1328 2240 1492 2280 habuit
1522 2253 1727 2281 errorum
1763 2240 2018 2292 magistros,
2058 2240 2161 2280 licet

514 2312 709 2361 oeculte3
760 2325 853 2352 non
901 2313 1022 2352 enim
1070 2312 1225 2353 adhuc
1271 2312 1334 2352 ibi
1384 2312 1688 2353 Lutheranice
1733 2312 1939 2353 doctrine
1986 2325 2159 2352 errores

514 2384 750 2436 propalam
801 2384 1161 2425 seminabantur.
1234 2385 1442 2425 Refertus
1487 2385 1623 2437 igitur
1668 2385 1899 2437 predictus
1946 2385 2159 2424 sacerdos

515 2455 731 2495 Nicolaus
750 2457 926 2497 Becker
957 2469 1164 2497 errorum
1198 2457 1397 2497 colluuie
1429 2457 1574 2497 voluit
1599 2461 1641 2497 et
1664 2457 1779 2498 alios
1805 2457 2157 2497 commaculare.

517 2528 730 2567 Ascendit
761 2528 883 2568 enim
916 2529 1187 2582 plerumque
1220 2529 1407 2569 maioris
1440 2542 1567 2569 sacre
1599 2529 1709 2581 edis,
1746 2529 1966 2569 nimirum
1998 2529 2160 2580 glorio-

515 2599 692 2639 sissime
724 2601 913 2652 virginis
943 2599 954 2655 Η
986 2601 1142 2652 Marie,
1189 2604 1466 2653 suggestum,
1514 2605 1555 2641 et
1595 2614 1687 2641 non
1730 2601 1912 2641 modico
1946 2600 2158 2653 superbie

515 2671 632 2711 fastu
666 2673 1049 2723 concionabatur,
1087 2674 1207 2713 bona
1242 2673 1365 2713 enim
1399 2677 1440 2712 et
1472 2685 1638 2713 sonora
1673 2673 1876 2726 preditus
1909 2676 2004 2713 erat
2033 2684 2156 2713 voce.

515 2743 656 2784 Porro
688 2744 764 2784 vbi
796 2746 885 2785 hoc
916 2745 1133 2798 episcopo
1166 2744 1486 2798 Roskyldensi,
1527 2744 1626 2786 viro
1666 2745 1820 2798 vtique
1852 2757 2020 2796 magno
2052 2744 2156 2785 fidei

513 2815 735 2856 catholice
781 2817 985 2869 zelatori,
1040 2817 1260 2869 innotuit,
1315 2818 1438 2870 quod
1492 2816 1674 2857 interim
1720 2817 1841 2857 clero
1887 2817 2157 2857 obtrectaret

603 2924 663 2959 14.
699 2925 874 2962 donauit
905 2927 972 2963 δεῖ).
1008 2926 1090 2963 BC.
1150 2926 1247 2963 Post
1275 2926 1361 2962 hoec
1391 2926 1526 2961 Arnas
1564 2926 1603 2962 in
1639 2926 1691 2962 C:
1740 2926 1817 2961 Hic
1854 2927 2004 2962 iterum
2046 2935 2155 2961 nunc

514 2979 660 3025 incipit
691 2981 732 3016 in
766 2982 910 3018 codice
942 2983 1038 3027 (scil.
1073 2984 1113 3019 in
1137 2984 1215 3028 W).
1278 2984 1341 3019 24.
1374 2983 1474 3019 satis
1498 2983 1642 3029 scripsi
1673 2983 1873 3029 (idemque
1895 2983 1936 3018 in
1963 2982 1996 3019 C
2022 2983 2155 3019 Arnas

515 3035 794 3084 adscripserat,
827 3040 896 3075 sed
924 3043 1062 3085 postea
1093 3041 1271 3085 deleuit);
1305 3041 1436 3076 sacris
1469 3041 1531 3076 W.
1622 3040 1818 3076 Hafniam
1852 3039 1934 3076 BC.
