2242 3551
378 952 419 982 10

380 1315 420 1345 15

379 1679 422 1709 20

261 1948 334 1979 Fol.
350 1944 422 1979 25va

380 2096 422 2127 25

450 167 529 207 196
791 178 1068 208 SCRIPTORES
1102 178 1330 207 HISTORIAE
1364 178 1540 207 DANICAE
1573 179 1772 208 M1NoREs

445 294 663 346 operibus
695 293 933 346 prouidus,
967 293 1166 333 multum
1201 306 1225 333 a
1251 304 1353 345 rege
1380 293 1514 333 Erico
1541 305 1625 333 nec
1653 305 1746 333 non
1780 297 1821 332 et
1852 292 1956 346 alijs
1990 294 2109 347 prin-

445 366 624 419 cipibus
659 369 700 406 et
731 366 968 406 nobilibus
1000 369 1115 406 terre
1148 365 1354 407 dilectus.
1414 366 1515 406 Non
1549 365 1700 406 solum
1734 366 1963 418 serpentis
1990 370 2109 407 astu-

445 439 564 479 ciam
609 442 768 479 contra
807 451 1029 492 pompam
1072 439 1292 479 secularis
1325 438 1534 492 potencie
1567 442 1608 478 et
1640 451 1894 491 prauorum
1929 452 2109 492 peruer-

445 512 622 552 sitatem
680 512 902 563 habebat,
964 524 1129 552 uerum
1186 511 1323 552 etiam
1378 509 1720 563 simplicitatem
1779 511 1994 552 columbe
2052 513 2109 552 ad

447 584 656 624 subditos
689 588 730 624 et
759 584 990 625 feruorem
1016 584 1216 624 caritatis
1243 584 1299 624 ad
1328 583 1594 624 obedientes
1621 584 1939 625 conseruabat.
1991 585 2108 625 Nam

446 661 487 697 et
520 657 730 697 moribus
763 657 976 697 omnium
1010 669 1057 697 se
1090 656 1400 697 conformauit
1433 660 1474 696 et
1506 655 1704 696 infirmis
1737 656 1957 697 fratribus
1988 670 2109 698 com-

445 729 818 782 pacientissimus
866 729 962 770 fuit.
1038 729 1287 770 Maximam
1333 729 1534 769 habebat
1580 728 1940 770 sollicitudinem
1990 731 2109 771 circa

446 802 766 856 delinquentes
798 802 974 853 fratres,
1008 806 1056 842 ut
1089 815 1165 842 eos
1198 803 1255 842 ad
1291 801 1416 842 uiam
1450 803 1687 842 reduceret
1716 802 1889 843 salutis.
1940 803 2109 843 Multos

446 875 665 915 sustinuit
690 875 871 915 labores
897 888 980 929 pro
1004 874 1222 915 fratribus
1247 875 1293 914 in
1318 874 1604 914 secularibus
1628 874 1841 928 negocijs.
1877 875 2108 916 Gaudium

446 947 533 987 sibi
567 947 717 987 maius
750 947 996 988 uidebatur
1027 948 1074 987 in
1108 947 1480 999 augmentatione
1511 947 1658 999 gregis
1682 947 1934 1000 commissi,
1968 961 2108 1002 quam

446 1020 483 1059 si
530 1031 753 1072 magnum
799 1021 1054 1073 temporale
1101 1021 1279 1061 donum
1325 1020 1384 1060 ab
1431 1019 1587 1073 aliquo
1635 1019 1925 1073 percepisset.
2008 1020 2110 1074 Ipse

446 1096 600 1132 autem
634 1092 680 1133 in
714 1092 959 1134 monastici
992 1093 1168 1134 ordinis
1200 1092 1444 1146 disciplina
1478 1093 1536 1133 ab
1569 1092 1705 1133 annis
1743 1092 1997 1145 pubertatis
2029 1106 2110 1134 sue

448 1165 650 1217 edoctus,
699 1169 740 1205 et
785 1165 831 1205 in
880 1166 1068 1218 agendis
1116 1165 1403 1206 secularibus
1451 1165 1649 1205 multum
1693 1169 1953 1206 strennuus.
2017 1166 2108 1216 Qui

447 1250 571 1278 anno
604 1251 684 1278 sue
717 1237 951 1290 dignitatis
984 1238 1245 1290 undecimo,
1278 1251 1401 1278 anno
1431 1251 1541 1278 uero
1565 1237 1907 1278 incarnacionis
1931 1238 2109 1278 domini

448 1299 671 1363 .fi.‹?c.>?1.v¹³1.‚
719 1311 830 1352 feria
869 1315 1008 1363 sexta,
1056 1312 1170 1352 hora
1212 1315 1350 1362 sexta,
1398 1310 1444 1351 in
1479 1310 1635 1362 uigilia
1668 1310 1920 1351 natiuitatis
1954 1314 2109 1352 sancte

450 1383 605 1434 Marie,
638 1382 829 1424 feliciter
860 1384 918 1424 ab
951 1385 1041 1425 hoc
1073 1385 1228 1425 seculo
1261 1396 1462 1437 nequam
1490 1387 1761 1435 regnaturus
1786 1396 1893 1424 cum
1917 1383 2108 1425 domino

448 1456 676 1508 migrauit.
727 1456 813 1497 Hic
838 1457 1019 1510 prefuit,
1052 1461 1101 1497 ut
1125 1457 1301 1498 dictum
1327 1459 1405 1508 est,
1438 1455 1573 1496 annis
1606 1456 1837 1509 undecim,
1870 1457 2109 1497 mensibus

449 1533 565 1581 octo,
600 1529 926 1570 ebdomatibus
957 1530 1161 1578 duabus;
1206 1529 1285 1583 qui
1318 1532 1359 1569 et
1390 1527 1587 1581 primam
1623 1529 1792 1569 meruit
1824 1529 2108 1582 sepulturam

448 1601 496 1641 in
528 1614 653 1642 nouo
686 1602 888 1655 capitulo
922 1603 1131 1643 nondum
1165 1602 1392 1653 edificato‚
1436 1605 1624 1654 excepto
1665 1602 1763 1642 solo
1806 1601 2108 1643 fundamento

450 1674 541 1714 iam
585 1675 747 1728 posito.
812 1675 953 1716 Cuius
994 1675 1214 1728 obsequie
1252 1675 1367 1715 facte
1409 1678 1518 1716 sunt
1557 1675 1612 1714 de
1656 1674 1847 1715 domino
1891 1675 2108 1715 Gunnero

449 1747 737 1799 Wibergensi
771 1748 1004 1801 episcopo,
1037 1748 1115 1802 qui
1149 1747 1313 1797 eidem,
1346 1751 1395 1787 ut
1427 1747 1743 1800 supradictum
1774 1751 1852 1799 est,
1886 1746 2108 1800 septimus

450 1820 595 1860 abbas
628 1820 861 1873 prefuerat
892 1820 1187 1861 monasterio.
1219 1817 1231 1874 Η

541 1896 803 1997 (M)ortuo
837 1943 989 1996 itaque
1021 1943 1187 1983 abbate
1222 1943 1479 1984 Michahele
1506 1943 1844 1983 Incarnationis
1876 1942 2107 1983 dominice

450 2027 573 2056 anno
607 2019 649 2056 et
680 2016 767 2066 die,
800 2028 892 2069 quo
926 2028 1065 2068 supra
1098 2019 1309 2056 notatum
1343 2019 1421 2067 est,
1455 2016 1616 2056 eodem
1641 2028 1764 2056 anno
1790 2015 1837 2056 in
1864 2015 1937 2056 die
1963 2015 2107 2055 sancti

452 2088 661 2139 Dionisii‚
680 2088 891 2128 videlicet
918 2077 991 2128 .v‘i1.
1022 2087 1129 2128 Idus
1148 2087 1377 2140 Octobris,
1401 2088 1547 2128 factus
1571 2091 1636 2128 est
1657 2088 1801 2128 abbas
1821 2088 2109 2131 Johannes

450 2158 733 2214 (secundus),
790 2160 869 2215 qui
923 2159 1090 2213 prefuit
1142 2160 1422 2201 monasterio
1470 2161 1653 2200 duobus
1700 2160 1833 2200 annis
1882 2164 1923 2200 et
1968 2160 2107 2201 tercio

450 2246 593 2286 vsque
635 2234 693 2274 ad
733 2237 947 2273 octauam
990 2232 1306 2285 apostolorum
1343 2232 1462 2273 Petri
1495 2237 1535 2273 et
1569 2233 1713 2273 Pauli.
1779 2232 1865 2273 Hic
1901 2236 2107 2285 tempore
2144 2236 2150 2238 ⁴

451 2305 693 2346 ministerii
735 2306 804 2346 sui
846 2306 991 2346 multa
1039 2306 1234 2345 aduersa
1281 2305 1509 2346 sustinuit.
1574 2306 1738 2358 Magna
1779 2305 1966 2358 quidem
2009 2308 2107 2345 orta

451 2405 613 2450 scripta,
661 2414 751 2450 qaoe
797 2404 839 2440 in
876 2403 944 2449 fol.
985 2403 1054 2439 23⁰
1102 2413 1237 2439 versas
1282 2403 1331 2438 de
1376 2402 1519 2440 abbate
1561 2403 1767 2440 Tliorlcillo
1813 2403 1994 2449 scripsit;
2039 2403 2108 2439 sed

451 2463 653 2508 scriptura
687 2461 741 2497 ita
773 2461 917 2497 detrita
949 2463 1017 2506 est,
1066 2462 1108 2496 at
1146 2460 1251 2496 nihil
1278 2458 1363 2505 fere
1394 2471 1505 2497 nanc
1537 2461 1616 2508 legi
1642 2461 1780 2507 possit.
1828 2482 1881 2486 ——
1930 2459 2107 2496 Manus

452 2519 632 2565 quinta
672 2530 736 2554 me
775 2519 905 2554 iudice
943 2517 1105 2564 scripsit
1134 2516 1288 2561 omnia,
1338 2528 1428 2563 quoe
1459 2521 1695 2564 sequantur,
1744 2528 1868 2564 usqae
1899 2518 1952 2553 ad
1980 2517 2106 2563 finem

449 2575 519 2621 sol.
540 2576 633 2621 27⁰‚·
665 2577 705 2611 in
741 2578 819 2611 toto
849 2574 950 2621 folio
975 2574 1027 2610 27
1057 2574 1259 2621 scriptura
1291 2584 1390 2611 sane
1422 2575 1537 2611 valde
1569 2576 1728 2611 minuta
1760 2578 1818 2611 est
1846 2577 1883 2610 et
1911 2576 2106 2618 coartata,

452 2632 520 2668 sed
551 2632 627 2668 boc
657 2635 818 2679 eaecepto
850 2633 885 2668 ei
916 2632 1140 2677 simillima,
1175 2641 1299 2678 qaam
1330 2632 1399 2678 fol.
1431 2632 1484 2668 25
1516 2635 1552 2668 et
1581 2633 1634 2669 26
1661 2632 1898 2679 praeferant.

541 2690 575 2726 6.
609 2690 649 2725 in
684 2701 813 2736 marg.
838 2689 978 2725 dextro
1010 2689 1199 2725 omnium
1233 2701 1277 2726 se
1313 2689 1489 2738 oforma,
1522 2690 1564 2725 in
1595 2689 1759 2726 sinistro
1786 2691 1880 2725 ante
1904 2699 2003 2725 verS.
2026 2699 2105 2735 seq.

418 2769 423 2773 ’
454 2758 514 2793 uit
546 2758 750 2804 suppleuit
780 2756 845 2795 C5.
922 2758 956 2794 7.
988 2744 1164 2802 habebat,
1197 2755 1259 2794 C5.
1336 2758 1399 2794 23.
1432 2758 1605 2794 litteram
1640 2757 1836 2793 initialem
1870 2758 1906 2793 M
1938 2757 2108 2804 pingere

453 2813 598 2850 oblitas
637 2818 694 2850 est
733 2815 996 2850 illuminator.
1060 2813 1153 2850 Post
1192 2815 1429 2851 michahele
1468 2825 1630 2850 erasam
1671 2817 1727 2850 est
1766 2813 1929 2850 verbam
1976 2824 2105 2850 anum

452 2870 541 2920 (aut
581 2872 731 2908 abbate
774 2875 846 2907 aat
883 2869 1022 2919 anno).
1101 2872 1164 2908 26.
1206 2873 1418 2908 secundus
1450 2882 1576 2918 supra
1610 2882 1768 2907 versam
1802 2871 1941 2907 litteris
1972 2870 2106 2907 rubris

455 2929 704 2974 adscriptum
738 2931 813 2973 est,·
842 2931 1038 2974 praeterea
1072 2928 1113 2963 in
1143 2929 1331 2975 margine
1355 2928 1587 2965 rubricator
1604 2928 2106 2974 pinxitDuodecimus

455 2986 633 3028 abbas,
680 2989 717 3021 et
753 2987 836 3021 alia
877 2996 1026 3021 manas
1067 2986 1214 3021 crassis
1258 2986 1397 3022 litteris
1440 2986 1480 3021 in
1522 2985 1649 3021 tribas
1691 2985 1897 3021 versiculis
1926 2985 2105 3030 scripsit:

455 3039 611 3088 ssgamel
641 3043 644 3091 Ι
673 3043 805 3078 broeR
833 3041 837 3092 J
868 3044 1028 3078 mettefz.
1092 3043 1155 3078 28.
1185 3042 1278 3088 fort.
1311 3043 1533 3089 siquidem.
