2242 3551
430 991 471 1021 10

433 1723 475 1753 20

494 208 576 246 312
835 215 1110 244 scmPToREs
1144 214 1371 243 HlsromAE
1403 215 1581 243 DANICAE
1614 214 1814 243 M1N0REs

494 332 687 372 fratrum
734 332 789 371 de
836 329 1131 371 obseruantia
1175 333 1567 382 nuncupatorum.
1631 329 1688 368 Et
1733 328 1818 368 fuit
1863 328 2152 370 introductor

495 403 788 444 obseruantie
825 402 873 442 in
907 402 1100 443 Daciam
1143 405 1184 441 et
1223 401 1437 454 primus
1479 400 1733 441 vicarius
1765 401 2152 454 prouincialis

496 475 877 526 obseruantie,
925 478 967 515 et
1012 473 1125 515 rexit
1171 473 1332 514 fratres
1380 473 1694 525 obseruantes,
1747 473 1919 514 scilicet
1964 473 2151 515 illorum

494 547 634 587 trium
674 551 991 588 conuentuum
1039 546 1426 600 supradictorum,
1473 559 1553 599 per
1599 558 1748 586 annos
1791 558 1848 586 x1.
1882 550 1987 586 ante
2029 546 2152 587 istud

497 619 764 673 capitulum.

583 692 635 732 In
665 692 753 733 isto
786 692 987 745 capitulo
1021 692 1190 733 electus
1214 691 1298 732 fuit
1319 692 1611 733 venerandus
1634 695 1762 745 pater
1794 691 1931 732 frater
1947 692 2154 732 Andreas

498 764 614 805 Glob
656 765 703 805 in
741 765 990 806 discretum
1029 764 1335 805 discretorum
1378 766 1435 805 ad
1468 764 1725 817 capitulum
1758 765 1981 816 generale,
2028 765 2150 818 quod

496 837 825 877 celebrandum
872 841 967 878 erat
1013 837 1059 877 in
1107 836 1220 877 festo
1261 837 1583 890 penthecostes
1623 836 1669 876 in
1709 841 1942 877 conuentu
1985 836 2154 877 Montis

498 909 624 962 Lueij
658 907 913 964 (prouincie
947 906 1239 962 Burgundie),
1272 910 1435 950 eodem
1467 909 1679 950 videlicet
1710 922 1847 950 anno.
1896 909 1987 960 Qui
2018 909 2155 950 frater

497 983 703 1023 Andreas
744 983 864 1023 circa
906 982 1112 1022 medium
1147 982 1510 1034 Quadragesime
1542 981 1794 1035 assumptis
1827 994 1984 1022 secum
2017 981 2153 1035 socijs

497 1056 620 1096 viam
674 1055 868 1108 arripuit
913 1055 970 1095 ad
1025 1054 1283 1107 predictum
1338 1054 1607 1108 capitulum.
1701 1055 1751 1094 In
1806 1067 1898 1108 quo
1951 1054 2153 1108 capitulo

497 1129 779 1169 reuerendus
812 1141 853 1181 p.
887 1127 939 1168 fr.
974 1127 1173 1167 Michael
1205 1127 1261 1167 de
1289 1127 1422 1180 Lyra,
1456 1127 1695 1180 prouincie
1721 1127 1911 1168 Colonie
1944 1127 2154 1180 pluribus

498 1201 678 1242 vicibus
731 1199 1030 1254 prouincialis
1079 1199 1299 1251 vicarius,
1354 1199 1614 1251 assignatus
1668 1199 1753 1240 fuit
1806 1199 2155 1240 commissarius

500 1273 738 1327 prouincie
781 1272 933 1312 Dacie.
990 1271 1081 1322 Qui
1128 1271 1281 1312 statim
1321 1273 1379 1312 ad
1420 1272 1676 1324 predictam
1720 1272 2012 1325 prouinciam
2055 1285 2156 1325 pro-

499 1348 710 1389 ficiscens
769 1344 1022 1397 assumpsit
1075 1356 1231 1384 secum
1287 1349 1389 1385 octo
1435 1345 1597 1385 fratres
1652 1345 1880 1385 notabiles
1935 1345 2155 1385 zelatores

500 1418 805 1462 obseruantie.
883 1417 1065 1467 Quibus
1111 1417 1331 1457 omnibus
1377 1418 1574 1458 reuersis
1620 1418 1675 1457 de
1715 1417 1917 1470 capitulo
1957 1416 2156 1469 generali

501 1493 779 1534 celebratum
810 1490 896 1530 fuit
919 1489 1175 1542 capitulum
1200 1489 1487 1542 prouinciale
1513 1490 1674 1530 eodem
1701 1502 1825 1530 anno
1850 1489 1895 1529 in
1922 1494 2155 1530 conuentu

502 1564 808 1607 Otthoniensi.
872 1563 923 1602 In
971 1575 1077 1615 quo,
1124 1562 1228 1603 licet
1273 1575 1416 1603 reuer.
1459 1575 1500 1615 p.
1541 1562 1566 1602 f.
1612 1562 1658 1603 L.
1702 1562 1917 1602 Branderi
1956 1563 2155 1602 necdum

502 1638 814 1690 compleuerat
845 1635 1095 1675 triennium
1129 1648 1280 1686 suum,
1329 1635 1406 1676 sed
1446 1647 1531 1675 nec
1562 1635 1791 1686 integrum
1824 1648 1999 1675 annum
2035 1647 2156 1675 com-

502 1711 719 1764 pleuerat,
753 1713 998 1761 postquam
1032 1708 1288 1748 secundum
1322 1721 1481 1748 verum
1512 1708 1705 1748 modum
1731 1711 1773 1748 et
1797 1707 1937 1748 ritum
1963 1708 2155 1747 fratrum

503 1784 557 1823 de
604 1781 899 1823 obseruantia
945 1778 956 1834 l]
999 1779 1199 1831 (fol.114r)
1248 1781 1416 1820 electus
1464 1780 1549 1820 fuit
1592 1780 1807 1832 vicarius,
1854 1780 1954 1834 ipso
2001 1784 2155 1820 tamen

502 1855 765 1895 elaborante
813 1858 854 1893 et
900 1857 1167 1905 suygerente
1221 1852 1415 1906 alijsque
1464 1852 1702 1893 vocalibus
1749 1852 2156 1903 consentientibus,

502 1926 731 1979 predictus
778 1939 921 1966 reuer.
964 1939 1004 1978 p.
1045 1926 1097 1966 fr.
1133 1926 1373 1966 Michael
1420 1926 1485 1965 de
1529 1925 1667 1978 Lyra
1714 1925 1761 1965 in
1807 1925 1908 1978 ipso
1956 1925 2156 1978 capitulo

502 2000 558 2039 ab
599 1999 815 2039 omnibus
857 1999 1027 2039 electus
1067 1998 1152 2038 fuit
1190 1999 1237 2038 in
1271 1998 1494 2039 vicarium
1528 1997 1878 2051 prouincialem,
1924 2002 1969 2039 vt
2010 1997 2157 2048 magis

459 2084 472 2091 ⁷
502 2071 795 2112 obseruantia
843 2075 1083 2122 cresceret,
1140 2071 1383 2124 proficeret
1436 2074 1477 2110 et
1523 2070 1727 2122 vigorem
1775 2074 1975 2110 sumeret
2023 2074 2064 2109 et
2109 2069 2156 2109 in

503 2143 817 2196 obseruancijs
865 2148 906 2183 et
951 2143 1335 2184 instructionibus
1382 2142 1426 2194 (ε.
1471 2156 1502 2183 3.
1552 2140 1824 2196 disciplinis)
1870 2142 2155 2194 regularibus

502 2216 651 2255 maius
680 2215 1017 2256 incrementum
1058 2216 1334 2270 acquireret3
1382 2219 1423 2255 et
1461 2216 1547 2256 fuit
1586 2216 1862 2256 secundus
1905 2214 2156 2255 vicarius

504 2287 876 2339 prouincialis
924 2289 1062 2328 huius
1110 2288 1349 2341 prouincie
1398 2289 1549 2329 Dacie.
1642 2288 1776 2328 Anno
1823 2300 1931 2328 vero
1979 2286 2156 2327 domini

505 2360 613 2399 1483
644 2359 691 2399 in
724 2359 925 2413 profesto
958 2361 1103 2401 sancti
1134 2357 1330 2414 Josep(!)
1369 2360 1492 2401 idem
1533 2374 1676 2401 reuer.
1711 2374 1752 2414 p.
1786 2360 1836 2400 fr.
1872 2359 2070 2400 Michael
2102 2359 2156 2398 de

590 2508 623 2542 2.
671 2507 717 2543 In
751 2518 880 2553 ιηαιῃ.
907 2508 1018 2544 iuxta
1042 2508 1152 2544 hunc
1184 2519 1343 2543 versum
1377 2508 1573 2554 scriptum
1602 2511 1661 2544 est
1685 2508 1847 2555 primus
1873 2508 2056 2543 vicarius
2084 2507 2155 2542 ob-

503 2565 726 2609 seruantie,
757 2576 847 2611 quoe
880 2566 910 2601 L
929 2577 1081 2611 parum
1104 2567 1205 2601 recte
1232 2565 1309 2600 hoc
1339 2566 1422 2601 loco
1447 2565 1486 2600 in
1513 2568 1663 2601 textum
1686 2565 1854 2611 recepit,·
1887 2567 1983 2600 nota
2006 2563 2156 2609 margi-

502 2621 609 2656 nolis
641 2624 707 2665 est,
742 2624 779 2657 et
807 2622 959 2658 similes
991 2624 1165 2667 (mutato
1196 2624 1387 2667 numero)
1420 2623 1503 2657 suis
1538 2623 1633 2658 locIs
1665 2623 1707 2657 in
1738 2633 1843 2668 seqq.
1870 2622 2152 2665 inueniuntur,

505 2677 572 2712 ubi
613 2679 642 2713 L
689 2689 754 2714 eas
794 2679 939 2716 omisit.
1018 2681 1051 2716 7.
1092 2680 1299 2715 discretus
1341 2680 1642 2715 discretorum:
1689 2679 1859 2715 discreti
1907 2677 2158 2714 vocabantur

500 2733 647 2779 fratres
689 2747 712 2771 α
754 2737 927 2782 sinqzzlis
966 2735 1231 2772 conuentibus
1277 2737 1330 2771 ad
1370 2737 1625 2782 prouinciale
1662 2737 1885 2783 capitulum
1928 2735 2061 2779 missi,·
2108 2744 2156 2769 ex

502 2790 649 2826 horum
684 2793 867 2828 omnium
902 2804 1073 2829 numero
1106 2794 1313 2829 discretus
1342 2794 1622 2829 discretorum
1649 2792 1873 2840 eligebatur
1894 2793 1948 2828 ad
1969 2791 2156 2838 yenemle

503 2848 725 2893 capitulum
759 2850 987 2887 millendus.
1050 2851 1084 2886 8.
1117 2851 1159 2886 in
1192 2850 1298 2886 festo
1332 2851 1484 2896 penth.,
1520 2851 1541 2886 i.
1575 2862 1603 2887 e.
1639 2850 1702 2886 10.
1727 2850 1856 2895 Junij.
1921 2850 1983 2885 10.
2017 2849 2155 2884 medifi

503 2908 572 2939 XLe
591 2906 632 2943 P.
700 2907 760 2942 15.
790 2907 993 2943 zelatores
1021 2907 1111 2952 PG;
1144 2908 1347 2943 relatores
1361 2909 1399 2952 (!)
1426 2908 1467 2943 L.
1531 2908 1593 2943 22.
1620 2911 1841 2953 sugerente
1860 2908 1902 2943 P.
1988 2905 2155 2941 vocales

503 2964 609 3004 sunt,
664 2963 734 3008 qui
786 2964 976 3010 suffrayii
1024 2964 1185 3009 ferendi
1237 2965 1278 2999 in
1333 2965 1521 3010 capitulis
1575 2965 1636 3000 ius
1681 2963 1841 2999 liabent.
1903 2962 2152 3008 Ducanyius.

506 3018 568 3053 27.
612 3019 745 3054 maius
789 3020 844 3065 G3
892 3023 1147 3066 1nai0ren1(l)
1189 3022 1275 3067 PL,
1320 3020 1386 3057 hic
1429 3022 1459 3056 P
1501 3022 1541 3057 in
1585 3032 1738 3067 mara:
1788 3021 1829 3056 29
1871 3021 2066 3064 vicarIus,
2113 3020 2156 3054 ut

505 3075 626 3110 semel
656 3076 731 3111 hoc
762 3077 963 3114 adnotem.
1028 3079 1091 3115 29.
1124 3080 1165 3114 in
1200 3078 1304 3125 prof.
1339 3090 1367 3114 s.
1401 3079 1540 3125 Josep,
1574 3078 1595 3113 i.
1628 3088 1658 3116 e.
1695 3078 1757 3114 18.
1788 3077 1939 3123 Martij.
