2242 3551
365 203 536 233 PETRVS
568 203 693 232 OLAI:
728 203 787 231 DE
819 202 992 232 ORDINE
1026 202 1237 231 FRATRVM
1272 201 1481 230 MINORVM
1665 191 1747 230 289

97 324 341 369 cognorunt,
387 303 471 372 (et)
513 319 800 366 amplexantes
840 329 884 354 se
927 319 966 354 in
1007 319 1154 354 osculo
1202 321 1348 354 sancto
1395 318 1491 354 facti
1539 321 1637 354 sunt
1678 329 1752 354 cor

95 402 222 429 vnum
255 393 294 426 et
325 389 466 425 anima
498 399 578 424 vna
612 388 654 423 in
688 387 872 423 domino.

180 459 279 495 Post
324 469 372 494 ea
419 458 456 494 b.
499 458 562 493 Fr.
610 457 723 493 misit
769 457 821 493 ad
865 457 1086 492 Franciam
1135 456 1305 492 fratrem
1347 456 1572 492 Pacificum
1622 459 1661 491 et
1707 457 1747 491 in

97 528 340 575 Hispaniam
374 527 524 563 fratres
557 509 780 578 <multos>3
816 525 885 561 vbi
917 528 957 561 et
989 525 1072 560 duo
1106 524 1197 560 loca
1231 527 1568 561 construxerunt,
1633 525 1746 560 Missi

94 600 191 634 sunt
222 596 421 632 hincinde
454 606 530 642 per
562 595 708 631 orbem
742 595 913 639 fratres3
956 605 977 629 a
1020 594 1277 640 quibusdam
1312 594 1547 641 prouincijs
1580 593 1749 640 recipie-

93 667 245 703 bantur
278 668 320 702 vt
351 675 572 712 pauperes,
619 664 691 700 sed
725 675 808 699 non
843 663 1093 699 sinebantur
1124 663 1322 699 edificare
1354 663 1459 707 loca,
1501 666 1539 698 et
1572 663 1624 698 ab
1657 662 1749 708 alijs

94 746 187 772 cum
235 734 378 771 multis
424 734 592 780 iniurijs
638 733 958 780 expellebantur
1005 735 1219 778 tamquam
1270 732 1426 779 salsarij
1469 736 1509 768 et
1555 732 1752 778 suspecti,

94 815 170 852 pro
216 814 265 840 eo
312 803 428 850 quod
475 803 541 839 sui
589 805 722 839 status
769 801 928 838 nullam
977 801 1158 837 litteram
1207 802 1462 838 autenticam
1509 801 1750 837 afferebant.

93 873 290 910 Nondum
331 872 441 908 enim
485 871 628 918 regula
667 871 826 907 bullata
867 874 974 916 erat,
1020 873 1060 907 et
1099 871 1194 906 ideo
1234 874 1331 917 post
1372 871 1545 917 aliquod
1583 874 1749 917 tempus

93 942 242 978 fratres
274 940 419 977 afflicti
453 944 493 977 et
524 940 691 977 confusi
724 941 775 976 de
807 940 989 976 diuersis
1029 939 1222 986 partibus
1264 940 1314 975 ad
1348 940 1387 978 b.
1423 941 1486 977 Fr.
1520 940 1747 984 redierunt,

93 1011 319 1048 referentes
374 1010 645 1047 vexacionem
701 1021 820 1045 suam
876 1012 916 1045 et
970 1020 1152 1045 causam.
1247 1009 1337 1045 Hoc
1389 1012 1528 1045 autem
1577 1009 1749 1044 domino

95 1079 317 1126 Hugolino,
349 1079 556 1115 cardinali
591 1079 818 1124 Hostiensi,
858 1089 936 1125 pro
969 1078 1158 1114 remedio
1192 1078 1435 1114 adhibendo
1466 1078 1748 1114 insinuarunt.

94 1150 186 1196 Ipse
217 1152 356 1185 autem
389 1159 461 1185 eos
495 1148 668 1184 domino
696 1148 888 1184 Honorio
914 1147 1187 1194 presentauit,
1221 1147 1401 1183 videlicet
1421 1147 1456 1182 b.
1477 1147 1747 1183 Franciscum

93 1228 187 1255 cum
220 1217 435 1263 fratribus,
468 1221 507 1254 et
538 1218 580 1253 in
614 1217 813 1253 omnibus
846 1217 1070 1264 oportunis
1103 1216 1383 1252 fauorabilem
1416 1216 1591 1252 inuenit.
1638 1214 1747 1264 (Non

92 1290 230 1324 tamen
264 1287 452 1333 regulam
485 1290 586 1323 tunc
618 1286 811 1330 bullauit‚
852 1284 942 1335 sed)
981 1289 1135 1322 statum
1170 1288 1209 1321 et
1241 1285 1433 1320 ordinem
1468 1285 1750 1327 confirmauit⁷

94 1356 200 1392 datis
254 1367 383 1403 super
434 1357 516 1392 hoc
571 1355 720 1392 litteris
776 1355 818 1390 in
874 1355 954 1391 hac
1000 1354 1157 1391 forma:
1227 1354 1468 1390 »Honorius
1522 1354 1749 1400 episeopus

93 1409 145 1477 (s.
178 1437 207 1463 s.
240 1409 300 1475 d.)
333 1429 409 1462 etc.
473 1425 626 1461 Datum
676 1422 727 1461 3⁰
768 1424 867 1460 Idus
907 1424 1019 1471 Junij
1069 1424 1342 1471 pontificatus
1389 1434 1500 1458 anno
1550 1421 1635 1461 3⁰.‹<
1705 1423 1748 1457 In

92 1495 245 1541 quibus
277 1494 426 1530 litteris
460 1494 659 1530 omnibus
691 1493 1027 1540 archiepiscopis
1066 1495 1106 1528 et
1137 1492 1350 1539 episcopis
1382 1496 1422 1528 et
1453 1492 1545 1539 alijs
1577 1491 1750 1539 prelatis

92 1564 365 1599 ecclesiarum
399 1563 582 1608 mandat,
627 1566 670 1600 vt
701 1563 743 1598 in
777 1562 1018 1598 diocesibus
1051 1562 1138 1598 suis
1172 1561 1322 1598 fratres
1355 1564 1571 1607 tamquam
1606 1560 1750 1596 fideles

93 1635 131 1668 et
168 1632 401 1669 catholicos
443 1635 483 1669 et
522 1632 637 1668 verbi
681 1631 746 1668 dei
788 1632 1066 1668 seminatores
1107 1631 1286 1677 benigne
1325 1633 1365 1666 et
1396 1631 1616 1666 caritatiue
1648 1630 1749 1666 reci-

93 1702 218 1748 piant,
254 1712 298 1738 se
330 1701 588 1738 fauorabiles
621 1701 680 1737 eis
713 1701 959 1737 exhibentes
992 1704 1032 1737 et
1055 1701 1271 1747 benignos
1317 1698 1542 1748 (Defuncto
1576 1699 1749 1735 domino

92 1771 284 1807 Johanne
323 1771 529 1807 cardinali
568 1771 687 1817 petijt
725 1771 762 1807 b.
796 1771 861 1807 Fr.
896 1781 918 1805 a
955 1781 1064 1817 papa
1099 1770 1303 1813 Honorio,
1349 1770 1487 1815 ipsum
1529 1769 1748 1804 dominum

96 1840 351 1893 Hugolinum
398 1840 479 1877 sibi
525 1840 567 1876 in
615 1840 680 1876 sui
727 1840 890 1876 ordinis
938 1842 1220 1886 protectorem
1261 1822 1417 1890 (ciari>;
1464 1841 1503 1873 et
1548 1838 1626 1873 iste
1674 1837 1750 1873 fuit

93 1909 255 1955 primus
287 1912 504 1956 protector
536 1909 699 1945 ordinis
732 1909 965 1945 secundum
1001 1908 1180 1944 formam
1214 1908 1356 1954 regule
1388 1904 1654 1955 postulatus.)

177 1979 295 2014 Anno
322 1990 423 2015 vero
455 1979 617 2014 domini
646 1978 766 2025 1219,
799 1989 820 2013 a
848 1977 984 2024 prima
1012 1978 1294 2014 conuersione
1327 1977 1363 2013 b.
1391 1975 1604 2012 Francisci
1638 1986 1748 2011 anno

94 2057 193 2093 xl11.,
238 2049 281 2084 in
327 2047 514 2095 capitulo
560 2048 743 2094 generali
787 2048 899 2094 apud
939 2050 1127 2083 sanctam
1170 2047 1344 2082 Mariam
1386 2046 1436 2081 de
1476 2044 1749 2080 Portiuncula

94 2116 303 2153 celebrato
343 2101 519 2168 <iterum
552 2117 695 2153 electis
728 2116 932 2153 ministris
964 2116 1016 2152 de
1048 2116 1264 2152 voluntate
1297 2099 1387 2166 dei>
1429 2116 1545 2152 missi
1578 2115 1749 2169 fuerunt

94 2184 243 2222 fratres
276 2185 362 2222 fere
394 2196 470 2233 per
500 2189 635 2222 totum
669 2186 876 2222 mundum
917 2195 1013 2222 cum
1053 2185 1203 2221 litteris
1237 2185 1414 2231 Honorij
1458 2195 1565 2231 pape
1605 2195 1748 2230 supra-

96 2254 204 2291 dicti.
266 2255 411 2291 Dictus
458 2255 589 2291 eciam
629 2254 858 2291 cardinalis
892 2254 1128 2301 Hugolinus
1169 2256 1209 2290 et
1246 2254 1472 2300 episcopus
1513 2253 1749 2289 Hostiensis

95 2326 134 2359 et
173 2323 294 2360 multi
334 2324 402 2370 alij
444 2324 680 2360 cardinales
721 2324 927 2360 miserunt
966 2323 1019 2359 ad
1061 2324 1144 2359 hoc
1184 2323 1295 2359 idem
1337 2323 1497 2359 litteras
1537 2322 1749 2363 efficaces3

95 2392 248 2438 quibus
295 2393 395 2429 visis
443 2395 541 2429 sunt
580 2392 832 2429 charitatiue
876 2393 1047 2439 recepti.
1108 2390 1284 2441 (Eodem
1332 2402 1442 2427 anno
1491 2391 1603 2438 passi
1651 2393 1750 2426 sunt

96 2462 281 2508 quinque
321 2462 514 2498 martires
551 2462 594 2498 in
628 2462 866 2505 Marrocho,
912 2472 935 2497 a
972 2462 1109 2508 prima
1149 2461 1433 2497 conuersione
1464 2460 1501 2496 b.
1536 2459 1748 2495 Francisci

96 2540 204 2566 anno
236 2540 333 2576 xm„
366 2530 637 2577 pontificatus
671 2530 847 2577 Honorij
882 2541 939 2567 111.
970 2541 1081 2566 anno
1117 2531 1151 2566 4.
1208 2530 1299 2566 Hoc
1330 2541 1378 2565 ex
1411 2529 1646 2575 breuiarijs.
1703 2528 1747 2563 In

95 2597 203 2635 libro
234 2599 581 2636 conformitatum
613 2599 796 2636 habetur
827 2610 938 2635 anno
973 2600 1007 2636 3.
1042 2596 1247 2647 Honorij).

179 2668 298 2705 Anno
330 2668 492 2704 domini
527 2668 630 2704 1221
666 2668 705 2704 b.
740 2669 806 2705 Fr.
841 2668 1022 2704 instituit
1053 2668 1224 2705 tertium
1258 2666 1463 2703 ordinem.

184 2796 216 2832 1.
254 2799 596 2842 recognouerunt
626 2797 669 2833 Α.
747 2796 783 2833 3.
824 2796 866 2832 in
907 2796 972 2832 Fr.
1004 2792 1048 2831 A.
1125 2796 1160 2830 4.
1198 2794 1266 2830 vbi
1301 2797 1339 2830 et
1373 2794 1403 2829 P
1439 2804 1590 2840 parum
1623 2795 1750 2837 recte,-

96 2850 224 2888 dicere
268 2852 423 2890 debuit:
472 2854 559 2900 qui
606 2857 652 2890 et
697 2854 744 2889 in
794 2852 1124 2899 Portugallia
1169 2852 1205 2888 d.
1247 2852 1269 2888 l.
1309 2862 1340 2887 c.
1420 2851 1454 2886 9.
1502 2851 1663 2896 aliquot
1706 2850 1748 2885 P.

101 2908 162 2945 13.
202 2910 268 2956 vig
309 2911 460 2947 addidi.
538 2912 601 2947 14.
643 2910 761 2946 verba
804 2910 1040 2957 parenthesi
1076 2907 1119 2958 ()
1158 2908 1313 2945 inclusa
1352 2911 1490 2954 postea
1532 2908 1573 2943 ἰη
1616 2918 1745 2953 mar-9.

98 2965 188 3003 add.
223 2967 277 3012 P,·
324 2968 417 3004 item
450 2968 492 3004 in
523 2979 650 3015 seqq.;
697 2968 730 3003 Α
771 2967 890 3004 verba
926 2967 1068 3013 paullo
1108 2967 1225 3002 aliter
1260 2966 1422 3011 scripsit
1463 2967 1499 3001 et
1528 2964 1747 3000 ordinauit.

100 3022 161 3059 35.
199 3023 262 3060 Ad
299 3024 384 3061 hoec
411 3025 614 3071 pertinere
653 3025 811 3061 videtur
849 3028 944 3062 nota
984 3035 1136 3071 marg:
1186 3023 1342 3070 Regula
1382 3023 1631 3058 confirmata
1670 3021 1748 3057 fuit

101 3080 206 3116 1289
239 3093 315 3129 per
346 3082 568 3119 Nicolaum
602 3084 662 3127 .4.‚
707 3094 818 3119 anno
850 3082 1123 3130 pontificatus
1156 3079 1217 3125 20,
1256 3091 1318 3116 xv.
1355 3080 1441 3117 Kal.
1477 3080 1746 3126 Septembris.

167 3158 267 3188 Script.
289 3160 354 3184 hist.
377 3160 447 3183 Dan.
469 3160 605 3183 minores.
1500 3145 1541 3175 19

1779 940 1818 970 10

1780 1284 1819 1315 15

1775 1629 1817 1660 20

1776 2321 1817 2351 30

1774 2663 1815 2693 35
