2242 3551
477 182 560 221 256
823 189 1099 221 scR11>TonEs
1132 189 1359 220 HISTORIAE
1392 189 1569 220 DANlcAE
1601 191 1802 221 MlNonEs

478 310 632 345 Littera
673 309 833 345 domini
870 309 979 345 Erici
1021 309 1153 351 ducis,
1200 308 1272 354 filij
1315 308 1455 344 Abelis
1499 308 1714 355 quondam
1756 308 1864 354 regis
1905 308 2134 346 Danorum.

834 377 918 413 Rex
950 377 1099 413 Ericus
1132 379 1195 413 est
1225 376 1338 413 filius
1370 376 1624 412 Christofori
1656 377 1777 423 regis.

568 448 802 530 »Ericus,
850 482 923 522 dei
956 482 1099 533 gratia
1132 483 1225 522 dux
1259 481 1395 533 lucie,
1438 481 1657 522 omnibus
1690 495 1877 535 presens
1911 482 2133 535 scriptum

476 555 770 595 cernentibus
818 555 1013 595 salutem
1059 555 1104 594 in
1149 554 1361 595 omnium
1402 554 1642 594 saluatore.
1717 554 1963 606 Noueritis,
2011 555 2134 608 quod

431 637 450 666 5
477 640 562 668 nos
609 628 861 668 claustrum
909 628 965 667 de
1006 627 1121 668 Cara
1162 627 1317 667 Insula
1364 638 1646 679 omnemque
1693 626 1899 679 eiusdem
1948 627 2135 667 claustri

475 699 700 740 familiam
734 713 840 741 cum
874 699 1008 740 bonis
1041 712 1201 740 eorum
1237 699 1466 739 uniuersis
1499 698 1585 738 sub
1613 703 1768 739 nostra
1795 699 2135 753 susceperimus

476 772 757 825 protectione
791 772 992 826 speciali,
1026 773 1254 824 Rogantes
1287 771 1493 824 singulos
1525 774 1567 811 et
1599 771 1856 823 uniuersos,
1890 772 1969 825 qui
1992 772 2135 824 gratia

474 845 618 886 nostri
666 845 917 899 quicquam
965 844 1114 885 facere
1168 844 1312 885 uelint
1367 844 1440 885 uel
1491 844 1721 896 omittere,
1782 844 2002 899 quatinus
2048 844 2135 897 ipsi

475 918 675 958 claustro
723 922 801 958 aut
847 917 985 958 alicui
1033 918 1089 958 de
1132 917 1278 971 ipsius
1326 916 1514 957 claustri
1561 916 1737 957 familia
1784 916 1994 957 iniuriari
2042 930 2135 957 non

408 998 449 1029 10
475 994 747 1043 presumant
800 991 1093 1044 aliquatenus
1148 1002 1287 1030 causa
1346 991 1509 1041 nostri,
1571 1002 1677 1030 cum
1726 992 1900 1042 spectat
1946 990 2003 1030 ad
2050 1002 2135 1030 nos

476 1063 657 1115 uiduas,
690 1063 892 1117 pupillos
925 1068 967 1104 et
998 1063 1234 1116 orphanos
1267 1075 1321 1103 ac
1352 1062 1619 1103 claustrales
1652 1062 1809 1103 fouere
1840 1061 1887 1102 in
1914 1062 2011 1102 iure
2036 1075 2132 1103 suo.

476 1136 527 1176 In
561 1136 694 1176 cuius
725 1135 789 1176 rei
822 1135 1141 1176 testimonium
1175 1134 1464 1189 presentibus
1498 1135 1671 1188 apponi
1703 1134 1898 1176 fecimus
1931 1134 2133 1187 sigillum

475 1212 699 1249 nostrum.
753 1209 922 1248 Datum
957 1208 1091 1249 Anno
1124 1207 1302 1248 domini
1332 1196 1549 1248 xs‘i.c⁰c.l{'<.v‘1's.
1585 1207 1651 1248 ΚῘ.
1687 1206 1844 1260 Marcij
1879 1196 2001 1248 ‚v1⁰1.1.«

560 1313 749 1370 (XLIV.)
808 1280 994 1358 Abbas
1028 1328 1138 1356 uero
1171 1318 1357 1368 propter
1389 1318 1565 1355 metum
1597 1314 1715 1366 regis
1754 1314 1873 1354 clam
1914 1315 1961 1354 in
2002 1319 2133 1356 nocte

406 1399 446 1428 15
476 1388 773 1429 Inuencionis
815 1392 971 1429 sancte
1010 1388 1160 1429 crucis
1200 1388 1333 1440 fugit3
1381 1401 1489 1428 nam
1531 1387 1684 1440 palam
1725 1386 1789 1427 ire
1829 1400 1922 1428 non
1964 1387 2133 1440 potuit3

474 1462 552 1516 qui
600 1461 732 1515 quasi
780 1461 967 1502 exilium
1016 1472 1155 1513 agens
1202 1474 1350 1514 usque
1397 1460 1517 1501 circa
1565 1459 1861 1500 festiuitatem
1909 1459 2131 1501 Omnium

474 1538 741 1575 sanctorum
784 1534 1054 1574 morabatur
1094 1534 1376 1588 quandoque
1418 1533 1627 1574 inRure
1667 1532 1804 1584 regio,
1853 1533 2133 1586 quandoque

474 1607 520 1647 in
564 1608 685 1648 Loco
726 1607 823 1658 Dei,
870 1607 1103 1647 interdum
1147 1606 1285 1646 etiam
1326 1605 1516 1647 Sleswik
1560 1618 1667 1646 cum
1710 1605 1965 1646 uenerabili
2007 1609 2134 1658 patre

473 1683 630 1720 nostro
671 1679 863 1720 domino
904 1679 1095 1729 Jacoho,
1144 1678 1381 1719 Lundensi
1424 1677 1788 1731 archiepiscopo,
1836 1677 1914 1732 qui
1956 1681 1998 1719 et
2036 1677 2134 1731 ipse

405 1762 447 1793 20
475 1753 577 1792 exul
617 1752 715 1804 fuit,
763 1757 812 1793 ut
853 1753 987 1804 longe
1028 1751 1240 1804 superius
1279 1751 1453 1791 dictum
1489 1755 1566 1791 est.
1628 1751 1805 1791 Abbate
1837 1750 2009 1791 ibidem
2043 1750 2132 1791 exi-

474 1829 631 1876 stente,
680 1825 809 1866 omni
856 1825 974 1873 nisu,
1022 1837 1114 1877 quo
1163 1828 1354 1877 poterat,
1400 1823 1644 1875 laborauit,
1691 1823 1928 1877 quomodo
1973 1824 2132 1863 datum

473 1897 608 1937 nobis
641 1897 855 1947 iudicem,
904 1897 1253 1949 subdelegatum
1287 1909 1312 1936 a
1345 1896 1484 1937 latere
1516 1895 1695 1936 domini
1728 1895 1991 1947 cardinalis,
2032 1896 2133 1936 flec—

472 1974 564 2010 tere
612 1974 785 2023 posset,
837 1969 1057 2024 quatinus
1104 1969 1240 2010 nobis
1286 1969 1465 2010 iusticie
1511 1968 1679 2009 faceret
1724 1969 2131 2022 complementum.

473 2043 564 2093 Qui
597 2055 703 2083 cum
736 2042 929 2083 iniurias
963 2047 1143 2083 nostras
1175 2041 1447 2093 diligencius
1473 2041 1797 2093 inuestigando
1822 2041 2130 2091 intellexisset,

404 2124 446 2154 25
473 2115 639 2168 pietate
673 2120 825 2157 motus
857 2115 1175 2156 obedienciam
1211 2114 1297 2154 sibi
1330 2127 1355 2154 a
1388 2114 1580 2154 domino
1614 2114 1837 2154 cardinali
1874 2114 2127 2155 iniunctam

473 2199 715 2241 aygressus
748 2192 813 2228 est
846 2188 932 2228 sub
964 2188 1052 2228 hac
1084 2187 1253 2228 forma:

471 2319 616 2368 (XLV.)
661 2321 758 2356 Acta
787 2320 949 2355 domini
968 2319 1185 2355 Bondonis
1204 2319 1505 2355 Slaeswicensis
1530 2320 1719 2366 episcopi
1744 2323 1891 2356 contra
1910 2319 2127 2355 Tukonem

1023 2389 1293 2424 Arusiensem
1327 2388 1587 2435 episcopum.

571 2458 636 2535 In
678 2493 866 2534 nomine
909 2493 1051 2546 patris
1092 2496 1134 2532 et
1171 2492 1250 2545 filij
1297 2496 1338 2533 et
1371 2492 1559 2546 spiritus
1591 2493 1751 2543 sancti,
1798 2506 1946 2534 amen.
2012 2492 2127 2534 Cum

402 2580 444 2610 30
472 2579 557 2606 nos
577 2567 654 2618 .B.,
688 2564 761 2606 dei
787 2565 929 2617 gratia
950 2564 1260 2606 sleswicensis
1286 2564 1545 2618 episcopus,
1579 2565 1788 2606 ualidum
1814 2569 1855 2605 et
1880 2565 1978 2606 sine
2008 2563 2127 2605 uicio

472 2637 743 2677 mandatum
785 2636 925 2689 patris
968 2635 1112 2676 nostri
1152 2636 1395 2676 reuerendi
1434 2622 1648 2689 <domini>
1681 2636 1920 2689 Guidonis,
1969 2636 2127 2676 diuina

472 2708 764 2749 miseratione
802 2708 920 2748 tituli
965 2708 1109 2749 sancti
1144 2707 1384 2760 Laurencij
1428 2708 1475 2748 in
1508 2708 1685 2748 Lucina
1717 2708 1956 2761 presbiteri
1988 2708 2128 2749 cardi-

427 2778 431 2780 ’
472 2781 603 2832 nafis,
635 2780 886 2834 apostolice
918 2780 1039 2821 sedis
1072 2780 1219 2832 legati,
1253 2780 1512 2833 recepimus
1544 2780 1591 2821 in
1623 2781 1709 2821 hec
1740 2781 1901 2822 uerba:
1945 2781 2127 2821 »Frater

472 2853 661 2893 Guido.«
698 2857 709 2900 (
786 2856 933 2891 Verte
966 2855 1163 2899 folium,
1196 2858 1241 2891 et
1272 2856 1514 2891 inuenies
1540 2855 1757 2891 uerbum
1785 2856 1843 2892 de
1869 2855 2126 2900 uerbo—-)‚

562 2959 623 2994 13.
659 2959 717 2995 kt.
751 2960 871 3006 macij
907 2957 972 2995 C8.
1052 2958 1117 2995 26.
1151 2968 1346 3005 agressus
1380 2957 1443 2995 CS.
1521 2960 1584 2995 29.
1626 2959 1755 2995 littera
1792 2958 1960 2994 initialis
1992 2959 2008 2994 Ι
2037 2969 2125 3005 per-

467 3015 638 3060 pulchre
673 3016 783 3061 picta
821 3018 887 3052 est.
962 3017 1024 3052 31.
1066 3015 1137 3051 dni
1178 3015 1330 3052 addidi.
1409 3016 1473 3052 34.
1517 3015 1636 3052 verba
1668 3017 1788 3052 Verte
1821 3045 1827 3052 .
1858 3046 1864 3052 .
1896 3016 1946 3051 de
1993 3015 2124 3052 uerbo

471 3071 703 3109 rubricator
737 3073 885 3118 pinxit,
933 3073 1001 3109 sed
1039 3072 1276 3119 parenthesi
1314 3083 1396 3108 non
1437 3073 1594 3108 inclusa
1634 3075 1730 3108 sunt
1769 3073 1878 3117 (item
1920 3073 2040 3108 etiam
2082 3072 2122 3107 in

470 3128 766 3174 seque1ztibzzs);
806 3129 1063 3175 siqnificatur
1092 3129 1240 3165 scilieet
1272 3130 1401 3165 liltem
1436 3130 1475 3165 in
1509 3141 1594 3175 cap.
1628 3130 1705 3166 XL.
1740 3129 1875 3165 allata.
