2242 3551
378 223 438 251 DE
470 222 791 253 PROFECTIONE
823 224 1042 253 DANORVM
1075 225 1121 254 IN
1154 225 1512 256 HIEROSOLYMAM
1689 218 1767 259 481

115 351 295 381 moram
338 337 593 390 longiorem
635 350 771 391 passa
814 337 963 378 statim
1006 339 1256 381 multitudo
1299 342 1356 381 ad
1395 342 1588 382 nauium
1626 356 1773 384 arma-

114 415 268 454 menta
315 422 590 452 concurrere
637 409 926 463 disponebat.
992 411 1278 464 Impediebat
1319 415 1547 467 siquidem
1590 415 1771 457 Sweino

114 484 264 526 socios
311 487 427 536 arte,
475 496 565 537 qua
613 486 812 536 poterat,
860 485 939 524 sed
988 484 1103 524 nihil
1149 486 1322 538 agebat.
1397 487 1589 529 Dicebat
1635 488 1772 536 enim,

112 557 413 598 iureiurando
454 569 501 597 se
539 556 851 597 communiter
894 555 1030 597 sociis
1070 558 1290 599 omnibus
1330 559 1426 600 fore
1457 561 1772 614 constrictum,

114 642 199 671 nec
229 629 386 670 minus
411 629 515 671 Vlso
544 641 652 670 cum
686 628 1094 681 Norwagiensibus
1126 630 1233 671 fidei
1266 632 1432 673 debere
1464 634 1769 674 constantiam
1800 641 1818 671 5

113 714 256 756 quam
301 700 642 755 compatriotis,
690 704 732 741 et
779 700 950 741 idcirco
998 688 1149 755 <uelle>
1195 702 1380 744 illorum
1430 709 1774 757 perseueranter

113 774 368 814 aduentum
402 773 657 828 prestolari.
720 773 848 814 Fecit
880 778 921 814 et
954 774 1054 815 hoc.
1118 775 1406 817 Abeuntibus
1446 777 1583 829 igitur
1614 791 1774 819 conso-

113 846 297 887 dalibus
338 848 465 888 solus
503 860 611 888 cum
651 846 748 887 suis
779 846 932 887 nautis
966 847 1062 900 ipse
1095 849 1329 900 remansit,
1377 850 1523 890 donec
1556 851 1772 904 sepedicti

114 919 306 960 comites
338 923 624 974 apparerent.
687 920 727 961 Ο
760 923 934 974 quanta
968 920 1066 960 eius
1100 925 1302 962 mentem
1336 926 1446 963 tunc
1478 922 1616 963 letitia
1652 924 1775 964 exhi-

113 992 308 1033 larabat!
388 992 505 1044 Quis
550 1005 644 1033 non
693 992 867 1044 uideat,
916 1005 1055 1046 quam
1104 994 1298 1034 festinus
1344 1008 1578 1049 quamque
1624 997 1774 1037 alacer
1802 1004 1842 1036 10

113 1070 338 1117 occurrat,
386 1070 435 1106 ut
466 1078 560 1107 non
594 1069 869 1119 currentem,
910 1065 1055 1106 immo
1089 1067 1339 1119 uolantem,
1380 1080 1601 1120 cerneres,
1648 1070 1772 1123 quod

112 1138 300 1179 illorum
342 1139 585 1180 meruisset
623 1142 813 1192 aspectu
855 1139 1184 1193 colloquioque
1230 1141 1458 1192 gaudere?
1520 1141 1772 1195 Statimque

114 1211 325 1265 prorupit
355 1211 402 1252 in
436 1211 707 1252 huiusmodi
741 1211 883 1252 uerba
916 1211 1110 1252 meroris
1143 1216 1185 1253 et
1216 1212 1395 1265 gaudii:

364 1388 502 1434 Caput
532 1387 673 1426 XVII.:
715 1387 775 1423 De
808 1387 994 1423 aduentu
1028 1387 1105 1423 Vlfi
1138 1391 1178 1423 et
1210 1388 1300 1424 eius
1333 1389 1523 1425 consilio.

204 1456 469 1537 »Xsirorum
494 1491 824 1532 amantissimi!
855 1492 1046 1533 feliciter
1068 1493 1323 1534 aduenistis
1347 1497 1388 1534 et
1411 1494 1504 1534 iam
1531 1496 1774 1548 desperan-
1802 1507 1841 1537 15

113 1568 237 1608 tibus
270 1565 405 1607 nobis
438 1564 656 1606 solatium
689 1565 918 1605 attulistis.
983 1565 1079 1615 Eia,
1118 1578 1244 1606 nunc
1275 1567 1603 1607 acceleremus!
1647 1568 1774 1607 nulla

114 1653 199 1681 nos
232 1652 361 1680 mora
395 1637 609 1689 detineat,
652 1641 701 1678 ut
741 1637 934 1678 fratrum
967 1642 1233 1679 nostrorum
1268 1652 1610 1693 consequamur
1640 1640 1772 1680 intui-

113 1718 227 1760 tum,
274 1724 390 1766 quos
429 1710 693 1764 aspectibus
735 1711 904 1752 nostris
948 1714 991 1752 et
1023 1711 1148 1752 uenti
1182 1712 1462 1766 prosperitas
1494 1717 1534 1753 et
1567 1712 1771 1764 longiora

115 1786 257 1827 maris
304 1784 452 1838 spatia
497 1787 804 1824 extraxerunt.
869 1784 1128 1825 Debuimus
1176 1785 1405 1839 siquidem
1454 1789 1603 1826 uestre
1650 1796 1773 1837 saga-

114 1858 263 1899 citatis
302 1856 437 1898 inniti
478 1856 673 1898 consilio
716 1860 758 1896 et
789 1856 942 1910 potius
975 1861 1182 1898 uestrum
1217 1857 1346 1911 sequi
1378 1858 1598 1899 ducatum
1631 1871 1771 1912 quam
1798 1870 1841 1901 20

115 1933 471 1984 presumptuose
519 1929 774 1983 precedere.
868 1930 1161 1984 Respondeat
1215 1930 1428 1984 equidem
1486 1944 1611 1971 nunc
1668 1930 1772 1971 fidei

115 2006 270 2043 nostre
321 2002 667 2055 pollicitationis
714 2005 865 2043 uestre
908 2002 1056 2044 iurata
1097 2003 1375 2054 constantia3
1423 2017 1504 2044 nec
1541 2003 1773 2056 contingat

114 2075 227 2115 illud
275 2074 561 2128 insperatum
602 2075 716 2115 uiris
755 2078 851 2115 tam
893 2076 1106 2127 strenuis,
1153 2077 1277 2129 quod
1325 2077 1427 2117 date
1474 2076 1579 2116 fidei
1627 2088 1773 2116 sacra-

118 2151 326 2188 mentum
359 2147 568 2188 audeatis
600 2147 815 2188 uiolare«

203 2220 300 2261 Hec
331 2224 374 2261 et
405 2220 478 2261 his
511 2220 680 2261 similia
714 2220 956 2262 Sweinone
988 2225 1304 2275 persequente,
1336 2222 1443 2262 talia
1476 2222 1618 2262 fertur
1641 2221 1771 2261 Vlsus
1797 2233 1838 2263 25

115 2293 371 2334 reddidisse
404 2305 643 2346 responsa:

207 2366 437 2406 »Illustres
484 2365 592 2406 uiri!
645 2378 739 2406 non
786 2367 929 2418 decet,
975 2371 1025 2408 ut
1071 2367 1356 2419 estimamus,
1402 2367 1636 2420 negotium
1684 2367 1772 2406 hoc

116 2438 274 2478 diuina
317 2438 620 2492 inspiratione
660 2443 926 2492 susceptum
966 2439 1233 2494 improuido
1272 2440 1526 2481 accelerare
1564 2437 1770 2482 consilio,

117 2511 196 2550 sed
229 2523 414 2551 summa
445 2510 735 2564 discretaque
769 2511 1100 2553 deliberatione
1139 2513 1430 2566 pensandum
1471 2511 1769 2555 arbitramur;

117 2582 226 2636 quia
271 2595 343 2623 res
391 2584 536 2624 ardua
583 2587 650 2624 est
689 2587 731 2624 et
777 2584 928 2625 altiori
968 2589 1065 2637 eget
1104 2586 1326 2638 inspectu.
1390 2585 1492 2625 Non
1539 2583 1676 2634 enim,
1723 2586 1770 2622 ut
1796 2593 1838 2624 30

207 2692 241 2728 1.
273 2703 397 2739 passa
432 2695 504 2729 est.
538 2693 764 2730 Multitudo
796 2705 888 2730 cum
918 2695 1043 2741 ymni
1072 2695 1308 2731 soloecismo
1336 2693 1383 2738 Ο,
1416 2693 1506 2729 item
1536 2693 1621 2736 KL;
1654 2692 1771 2727 inter-

114 2749 285 2795 punctio
323 2750 525 2786 mutanda
563 2752 661 2796 erat,
709 2756 745 2787 et
786 2754 848 2788 est
885 2754 959 2788 aut
994 2752 1210 2788 delendum
1242 2753 1314 2786 aut
1342 2749 1642 2795 corrigendum,
1687 2748 1771 2784 siue

118 2806 259 2842 statim
291 2806 378 2844 siue
408 2807 488 2843 ista
519 2807 777 2844 scribendum
811 2811 878 2846 est.
942 2810 976 2845 2.
1010 2809 1219 2856 siquidem
1253 2807 1291 2844 h.
1321 2806 1626 2853 l.=equidem‚
1658 2816 1769 2841 sane.

119 2864 155 2899 5.
203 2864 285 2900 fide
331 2863 370 2900 S.
456 2865 491 2901 6.
539 2865 647 2901 uelle
692 2866 844 2903 addidi.
930 2867 965 2903 8.
1008 2869 1101 2912 pos!
1145 2866 1262 2901 solus
1305 2866 1454 2910 proeter
1496 2863 1768 2899 necessitatem

120 2920 275 2957 Sueino
315 2921 410 2958 add.
447 2922 527 2957 KL.
603 2922 638 2959 9.
679 2926 906 2970 appmeret
944 2922 1049 2959 SMl.
1130 2924 1191 2958 11.
1233 2932 1428 2957 cerneres
1466 2921 1502 2956 O
1545 2920 1612 2955 121·ae
1649 2921 1768 2964 recte;

119 2978 314 3014 crederes
345 2977 488 3015 scribd.
523 2979 601 3016 vid.
640 3001 684 3005 —
725 2980 785 3016 16.
819 2981 877 3017 Ea
909 2982 954 3017 Α.
1016 2981 1081 3016 21.
1115 2979 1356 3027 praecedere
1390 2976 1505 3018 MA²;
1542 2976 1770 3022 procedere

119 3033 215 3071 Als.
305 3036 501 3082 equidem
550 3037 652 3073 mire
694 3048 772 3083 pro
817 3037 963 3084 igitur,
1011 3037 1053 3072 ul
1100 3036 1210 3082 infra
1254 3046 1293 3081 p.
1342 3035 1430 3079 483,
1461 3035 1493 3070 7.
1584 3034 1646 3069 22.
1695 3044 1770 3068 nec

120 3092 266 3138 scripsi
275 3108 284 3141 3
318 3103 370 3129 ne
402 3093 449 3135 Ο.

188 3172 291 3202 script.
311 3172 378 3197 hist.
401 3173 471 3197 Dan.
493 3174 628 3198 minores.
1522 3160 1561 3189 31
