2242 3551
446 614 464 643 ὅ

426 978 465 1008 10

427 1399 466 1428 15

424 2127 466 2157 25

424 2490 466 2520 30

496 190 575 230 148
834 200 1108 231 semprones
1141 198 1367 226 Hisromffi
1400 198 1576 226 DANICAE
1608 198 1807 227 MINORES

494 318 549 356 de
581 318 741 356 eodem
775 317 963 368 negocio
1004 314 1273 367 conscriptis
1317 313 1649 364 continebatur,
1696 315 1820 367 quod
1860 313 2138 367 probacione

494 402 585 429 non
619 389 885 440 indigerent,
933 401 1016 429 nec
1055 388 1209 442 aliqua
1246 386 1627 438 tergiuersacione
1660 399 1819 426 eorum
1853 387 2019 427 scelera
2052 387 2138 438 tegi

494 465 690 514 possent.
765 461 879 502 Cum
928 473 1032 512 ergo
1080 461 1253 501 clamor
1300 458 1479 499 malicie
1525 471 1684 498 eorum
1732 460 1788 498 ad
1836 459 1985 499 celum
2032 471 2139 499 con-

493 535 739 584 scenderet,
787 538 828 574 et
867 538 1049 586 tempus
1096 531 1291 573 faciendi
1339 544 1513 571 annum
1557 531 1876 572 retribucionis
1922 531 2140 572 dominus

491 607 735 647 aduenisse
774 610 1079 658 cognosceret,
1128 604 1251 645 misit
1296 604 1341 644 in
1390 617 1467 645 cor
1508 604 1656 644 fidelis
1696 604 1916 644 memorie
1963 605 2139 645 domini

492 679 768 730 Valdemari,
815 678 1016 731 episcopi
1058 677 1368 725 Slesuicensis‚
1417 676 1495 729 qui
1534 680 1631 716 tum
1680 677 1945 717 cathedram
1983 677 2140 729 guber-

493 752 652 804 nabat,
715 755 759 792 vt
815 752 1133 803 aggrederetur
1186 750 1360 790 dictum
1417 748 1659 801 negocium
1721 749 1997 789 mutacionis
2053 749 2140 790 loci

494 824 735 864 memorati
782 827 823 864 et
863 823 1025 864 eiceret
1061 822 1304 874 sacrilegos
1352 826 1394 861 et
1434 821 1642 862 infames.
1705 822 1840 872 Quod
1887 827 1933 863 vt
1979 835 2141 876 oppor-

492 896 650 936 tunius
682 896 779 936 fieri
812 900 965 949 posset
996 899 1037 936 et
1070 895 1272 946 liberius,
1304 894 1469 935 accidit
1499 894 1546 934 in
1578 893 1667 934 illis
1693 894 1854 934 diebus
1880 894 2140 947 prodigium

493 969 731 1021 quoddam
785 981 864 1022 per
916 968 1101 1009 eosdem
1154 968 1431 1019 monachos,
1492 967 1617 1020 quod
1664 980 1823 1007 eorum
1870 967 2051 1007 ruinam
2101 971 2142 1008 et

494 1041 849 1082 destructionem
883 1040 1135 1082 nunciabat
1166 1039 1369 1081 celeriter
1399 1039 1653 1080 imminere.

581 1171 658 1212 ΙΙΙ.
721 1173 935 1223 Quadam
977 1171 1098 1212 enim
1141 1174 1272 1211 nocte
1313 1170 1457 1210 abbas
1497 1169 1619 1210 illius
1651 1169 1738 1210 loci
1771 1169 1878 1210 exiit
1908 1183 2014 1211 cum
2047 1171 2142 1224 qui-

494 1245 690 1284 busdam
725 1244 966 1285 monachis
999 1243 1107 1295 suis,
1154 1247 1196 1284 et
1233 1243 1460 1283 intrarunt
1497 1243 1751 1294 tabernam,
1794 1243 1950 1295 ibique
1987 1243 2142 1283 minus

493 1318 697 1369 honeste,
721 1330 862 1371 quam
880 1316 1095 1370 oportuit,
1120 1315 1543 1356 comessacionibus
1567 1318 1609 1355 et
1634 1314 1929 1355 ebrietatibus
1954 1329 2139 1369 operam

493 1402 597 1430 cum
632 1389 904 1430 mulieribus
935 1389 1119 1430 dabant.
1183 1389 1318 1439 Quod
1361 1401 1467 1429 cum
1510 1387 1699 1441 quidam
1742 1388 1797 1428 de
1838 1388 2142 1441 complicibus

494 1462 605 1515 eius,
652 1462 731 1515 qui
773 1462 947 1503 solebat
985 1462 1041 1502 ad
1083 1461 1231 1501 simile
1270 1474 1386 1514 opus
1427 1473 1532 1501 cum
1572 1473 1624 1501 eo
1658 1460 1791 1511 exire,
1839 1461 2142 1512 cognouisset,

492 1535 758 1587 indignatus
796 1534 994 1587 grauiter
1034 1538 1191 1575 contra
1231 1534 1459 1585 abbatem,
1490 1534 1630 1586 quod
1673 1546 1778 1574 eum
1810 1533 1887 1573 illa
1919 1533 2017 1574 vice
2048 1546 2143 1574 non

493 1611 701 1648 vocasset
740 1620 909 1658 secum,
957 1607 1117 1660 arripit
1155 1618 1445 1659 campanam,
1492 1619 1580 1660 que
1620 1606 1795 1647 solebat
1838 1606 2011 1659 pulsari
2057 1619 2139 1659 pro

494 1680 701 1732 mortuis,
734 1685 775 1721 et
807 1693 907 1721 eam
940 1680 1113 1720 fortiter
1146 1679 1359 1732 pulsauit.
1423 1678 1563 1719 Cuius
1601 1679 1754 1719 sonitu
1786 1678 1949 1732 reliqui
1980 1678 2140 1719 fratres

494 1753 772 1794 dormientes
805 1753 985 1794 excitati
1018 1756 1137 1804 sunt,
1170 1756 1211 1792 et
1242 1752 1384 1792 cicius
1417 1756 1734 1792 conuenerunt
1765 1752 1821 1792 ad
1854 1752 2023 1804 locum,
2066 1751 2140 1791 vbi

492 1826 648 1867 tabula
696 1826 989 1879 pulsabatur,
1035 1829 1297 1878 querentes,
1344 1824 1453 1878 quid
1501 1824 1753 1865 accidisset.
1840 1824 2021 1874 Quibus
2066 1823 2141 1865 ille

492 1899 748 1952 respondit:
815 1898 994 1939 »Abbas
1054 1901 1209 1938 noster
1268 1897 1316 1938 in
1368 1897 1559 1937 taberna
1612 1897 1727 1938 iacet
1780 1900 2038 1947 mortuus«3
2100 1900 2141 1936 et

493 1972 746 2025 repetendo:
815 1971 913 2011 »Sic
959 1974 1045 2020 est3
1092 1974 1302 2011 mortuus
1349 1970 1472 2010 enim
1519 1974 1585 2010 est
1630 1970 1677 2010 in
1723 1969 1920 2010 anima«.
2001 1969 2140 2021 Igitur

493 2045 711 2086 monachi
752 2043 840 2094 isti,
887 2043 1040 2083 audita
1088 2042 1386 2095 turpitudinis
1433 2043 1625 2083 recentis
1671 2042 1872 2094 veritate,
1919 2045 2138 2094 tanquam

492 2117 660 2169 infrugi
698 2116 776 2170 filij
821 2116 916 2157 Noe
963 2116 1178 2169 pudenda
1226 2116 1366 2168 patris
1413 2115 1481 2156 sui
1528 2129 1622 2156 non
1666 2118 2015 2168 cooperuerunt,
2062 2114 2139 2154 sed

494 2191 645 2243 palam
687 2189 905 2231 omnibus
945 2192 1333 2229 monstrauerunt.
1396 2188 1452 2228 Et
1491 2188 1766 2241 accipientes
1806 2200 1960 2228 secum
2000 2186 2141 2227 thuri-

493 2263 655 2303 bulum
703 2266 745 2302 et
790 2262 879 2302 alia
919 2262 976 2301 ad
1017 2260 1296 2301 exorcismos
1336 2265 1628 2301 mortuorum
1675 2260 1930 2301 necessaria
1974 2263 2015 2299 et
2052 2260 2141 2299 hoe

493 2337 632 2376 modo
662 2334 1061 2388 processionaliter
1093 2320 1394 2388 <69redientes>
1426 2338 1651 2374 venerunt
1672 2335 1730 2374 ad
1755 2333 1970 2374 abbatem
2003 2345 2137 2372 suum

493 2409 538 2448 in
586 2408 788 2456 taberna,
838 2411 879 2447 et
925 2407 1078 2448 omnis
1124 2407 1324 2460 populus
1372 2406 1460 2446 loci
1506 2419 1613 2447 cum
1660 2406 1736 2447 eis.
1829 2406 1896 2446 Ex
1941 2418 2139 2460 quorum

493 2481 697 2532 ingressu
752 2479 908 2520 abbati
961 2479 1171 2520 confusio
1224 2483 1266 2519 et
1318 2479 1593 2519 verecundia
1650 2479 1851 2519 maxima
1898 2477 2015 2518 facta
2062 2481 2137 2523 est,

492 2553 730 2607 taliterque
763 2565 867 2592 eum
900 2553 1180 2592 reduxerunt
1212 2552 1268 2591 ad
1303 2552 1568 2592 claustrum.

580 2671 614 2707 3.
657 2671 817 2706 clamor
854 2670 905 2705 ad
945 2680 977 2706 0.
1019 2680 1158 2705 conse.
1196 2669 1268 2715 cfr.
1300 2669 1427 2705 Exod.
1461 2670 1497 2714 2,
1523 2669 1597 2715 23,-
1643 2668 1848 2705 Macchab.
1881 2668 1910 2713 I,
1945 2669 1980 2714 5,
2008 2668 2055 2704 31
2088 2668 2138 2704 al.

495 2731 528 2764 4.
547 2739 683 2763 annus
701 2727 1008 2763 retributionis:
1040 2727 1157 2762 Isaioe
1175 2726 1297 2772 34,8,·
1331 2726 1391 2771 63,
1407 2726 1441 2762 4.
1492 2727 1526 2762 5.
1546 2727 1657 2762 misit
1674 2726 1715 2762 in
1734 2736 1825 2762 cor:
1857 2725 2006 2761 εῙοαηη.
2028 2724 2089 2770 13,
2104 2725 2137 2760 2.

423 2783 429 2786 ’
493 2785 628 2821 fidelis
662 2786 715 2830 R,
748 2785 880 2820 felicis
913 2784 990 2820 SH.
1055 2784 1087 2819 8.
1122 2784 1273 2819 eiceret
1306 2783 1401 2829 HG,
1433 2783 1582 2830 ejicere
1608 2783 1683 2819 RS.
1773 2782 2026 2829 oportunius
2059 2782 2137 2818 SH.

497 2843 557 2878 12.
599 2843 680 2877 exit
723 2843 767 2878 R.
848 2842 909 2878 13.
948 2842 1160 2877 intrarunt
1198 2839 1407 2889 (intrarat)
1448 2840 1504 2886 G;
1549 2841 1707 2876 intrant
1752 2841 1837 2886 Rs,
1883 2840 2054 2875 intravit
2092 2840 2138 2874 H.

495 2900 558 2935 21.
591 2899 752 2942 Quibus
776 2895 895 2947 (Qib3)
920 2900 975 2947 H3
1009 2898 1214 2934 Omnibus
1240 2896 1361 2947 (Oib3)
1379 2898 1456 2934 RS.
1521 2898 1583 2934 23.
1609 2898 1837 2944 repetendo
1854 2895 1918 2945 (z
1934 2900 2139 2943 repetens,

492 2956 574 2992 scil.
621 2954 855 3003 respondit)
901 2956 956 3001 G3
1010 2956 1292 3002 respondente
1340 2955 1404 2991 RS
1451 2957 1657 3001 corrapte;
1711 2955 1903 2990 lacunam
1957 2956 2050 2989 ante
2099 2956 2139 2989 et

493 3013 633 3049 statuit
664 3014 710 3057 H,
756 3013 826 3059 qui
856 3013 988 3049 etiam.
1021 3013 1132 3048 enim
1165 3012 1311 3060 omisit,
1353 3012 1445 3058 fort.
1485 3023 1630 3048 errore.
1719 3012 1782 3048 25.
1815 3011 1887 3057 filij
1922 3011 2023 3056 Noe,
2067 3009 2138 3056 cfr.

497 3070 631 3106 Genes.
676 3071 710 3115 9,
731 3070 779 3105 21
799 3080 881 3116 sqq.
944 3070 1008 3106 28.
1044 3070 1303 3115 egredientes
1335 3069 1426 3106 add.
1460 3070 1507 3105 G.
