2242 3551
364 262 424 290 DE
457 260 778 294 PROFEcrloNE
810 260 1029 291 DANORVM
1063 262 1108 291 lN
1141 262 1501 291 fflssnososzAM
1678 252 1761 291 485

101 377 237 419 solito
269 375 554 431 tempestatis
579 375 708 416 furor
730 375 932 416 accreuit
954 380 1091 430 atque
1115 389 1242 417 mare
1266 389 1293 417 a
1317 376 1462 418 fundo
1487 378 1763 430 perturbans

100 454 245 492 totam
286 462 415 503 spem
447 448 541 489 uite
572 447 794 499 remouit,
841 447 1064 503 iactisque
1104 449 1338 501 omnibus,
1386 462 1476 503 que
1514 450 1763 502 habebant,

100 535 255 565 rerum
272 522 548 563 detrimento
572 520 755 562 animas
776 520 1015 573 redimere,
1040 521 1076 561 si
1100 521 1319 575 possibile
1342 526 1473 574 esset,
1496 522 1761 575 gestiebant.

101 596 318 638 Videntes
352 607 462 636 uero
496 598 688 635 uentum
723 594 930 635 ualidum
966 593 1220 634 timuerunt
1252 595 1410 645 ualde,
1458 599 1500 635 et
1531 607 1635 636 cum
1670 599 1763 637 tota

102 669 237 710 nauis
284 667 542 710 substantia
589 667 869 719 solueretur,
921 667 1185 707 clamabam
1233 667 1457 708 dicentes:
1525 668 1763 719 »Domina
1791 677 1810 707 5

102 742 232 782 salua
270 743 373 783 nos!
422 740 667 794 perimus«
734 739 850 781 Cum
893 753 1004 781 uero
1042 740 1204 780 mortis
1237 741 1457 781 articulus
1490 741 1764 791 immineret,

104 827 188 856 nec
221 814 403 868 uspiam
438 827 542 868 spes
574 815 741 855 adesset
773 812 1052 863 declinandi,
1092 817 1357 854 constanter
1390 818 1431 854 et
1461 813 1687 867 intrepide
1718 827 1766 854 se

102 887 305 929 inuicem
345 887 665 939 hortabantur,
713 890 776 936 ut,
823 885 903 939 qui
941 885 1101 926 diuina
1141 885 1443 939 inspiratione
1490 886 1763 938 legationem

103 961 226 1003 hanc
258 964 570 1014 susceperant,
617 961 663 1001 in
705 959 867 1000 eadem
906 971 989 1012 pro
1023 958 1206 1000 Christo
1240 959 1433 1000 uiriliter
1463 959 1765 1000 succumbere

105 1033 297 1074 minime
329 1033 645 1074 formidarent.
696 1033 839 1073 Porro
872 1036 1006 1072 nocte
1038 1031 1116 1072 illa
1149 1032 1407 1073 semimersi
1441 1032 1768 1085 agonizabant3
1798 1042 1838 1073 10

106 1111 148 1147 et
179 1106 303 1147 diem
335 1107 595 1160 horamque
629 1105 799 1147 Christi
840 1104 1046 1159 passioni
1085 1109 1403 1146 consecratam
1447 1105 1533 1145 sub
1566 1105 1654 1145 hac
1684 1109 1771 1145 tor-

105 1179 248 1220 menti
292 1180 413 1220 mole
452 1180 769 1233 prestolantes,
816 1177 1039 1232 quicquid
1080 1177 1126 1218 in
1170 1178 1258 1218 hac
1299 1177 1448 1230 fragili
1496 1177 1771 1218 mortalitate

106 1256 266 1293 contra
312 1252 386 1293 dei
433 1256 648 1306 precepta
695 1251 1007 1305 deliquerant,
1054 1252 1284 1292 horrende
1332 1251 1514 1303 mortis,
1572 1254 1620 1291 ut
1667 1263 1771 1291 con-

108 1325 312 1378 fidimus,
346 1325 574 1367 sacrificio
607 1325 868 1378 expiabant.
919 1323 1035 1374 Quis
1067 1337 1274 1377 unquam
1308 1323 1556 1364 hominum
1588 1325 1771 1376 horum,

107 1402 158 1438 ut
188 1398 250 1439 ita
283 1398 493 1450 dixerim,
542 1402 799 1452 martyrum
845 1400 1040 1438 mortem
1075 1397 1214 1449 digno
1248 1397 1413 1450 poterit
1445 1397 1772 1437 commendare
1799 1406 1840 1437 15

108 1471 359 1524 preconio?
406 1484 607 1526 quorum
650 1470 803 1525 passio
843 1474 935 1510 tani
977 1470 1196 1511 diuturna
1240 1474 1429 1523 tamque
1475 1469 1678 1521 horrida,
1725 1473 1774 1509 ut

108 1543 256 1597 ipsius
289 1545 586 1585 solummodo
619 1544 814 1584 intuitus
849 1543 906 1583 sit
937 1543 1063 1584 necis
1096 1543 1333 1594 introitus;
1380 1542 1458 1596 qui
1493 1555 1585 1583 non
1619 1543 1773 1594 semel,

109 1616 254 1658 immo
286 1618 473 1669 centies,
521 1616 876 1658 suffocationem
917 1616 1119 1657 subeunt
1155 1616 1382 1671 totiesque
1415 1615 1772 1656 amaritudinem

110 1695 377 1747 pregustant
408 1690 635 1740 interitus,
667 1689 848 1745 quoties
880 1689 1018 1730 undis
1051 1689 1260 1730 obuoluti
1294 1688 1566 1741 singultant;
1610 1692 1659 1728 ut
1691 1701 1773 1741 pro

108 1765 199 1807 illis
231 1769 274 1806 et
304 1763 474 1804 talibus
507 1763 721 1803 uideatur
752 1763 810 1803 ad
844 1762 1042 1803 litteram
1068 1763 1294 1816 propheta
1319 1761 1562 1814 gemuisse,
1595 1760 1770 1801 dicens:
1799 1771 1842 1802 20

108 1837 238 1879 ‘Veni
269 1837 316 1878 in
342 1836 634 1877 altitudinem
658 1835 815 1886 maris,
848 1839 890 1875 et
912 1839 1160 1888 tempestas
1184 1835 1402 1876 demersit
1424 1837 1521 1875 me‘.
1571 1833 1772 1885 Quidam

110 1915 263 1953 autem
313 1910 499 1950 illorum
543 1908 663 1949 infra
706 1909 842 1949 nauis
882 1908 1138 1961 ‘fragmenta
1178 1907 1393 1949 concussi
1436 1911 1649 1960 pereunt,
1697 1905 1774 1946 alii

111 1997 222 2025 uero
265 1983 482 2037 cymbam
524 1986 804 2035 occupantes
852 1994 992 2035 supra
1040 1994 1309 2022 mensuram
1357 1983 1563 2031 onerant,
1610 1991 1664 2019 ac
1710 1978 1775 2018 sic

113 2056 323 2098 suffocati
357 2055 518 2096 mortis
551 2055 757 2096 debitum
793 2055 982 2095 soluunt
1015 2059 1055 2095 et
1088 2058 1240 2095 eterne
1273 2053 1366 2094 uite
1398 2051 1614 2093 solatium
1648 2042 1773 2092 sorti-

113 2134 265 2171 untur.
329 2129 489 2169 Amen.
1799 2133 1841 2164 25

201 2203 297 2243 Hec
328 2202 384 2242 de
416 2201 488 2242 his
522 2202 746 2241 hactenus
779 2200 899 2241 dicta
933 2200 1180 2242 sufficiant.

115 2397 251 2444 Caput
282 2396 406 2433 XXI.:
455 2395 577 2440 Quod
625 2395 757 2442 aliqui
803 2394 959 2431 tabulis
1006 2398 1046 2431 et
1088 2394 1333 2441 fragmentis
1374 2392 1626 2428 adherentes
1665 2393 1774 2426 terre

717 2467 722 2469 >
786 2452 956 2499 appulsi
990 2455 1100 2489 sunt.

211 2523 354 2601 Erro
401 2559 457 2599 de
503 2557 594 2598 illis
641 2557 872 2598 silendum
919 2570 1012 2598 non
1061 2556 1279 2606 arbitror,
1334 2567 1450 2608 quos
1504 2553 1664 2593 eadem
1719 2552 1773 2591 de

115 2631 331 2673 societate
380 2630 659 2671 miraculosa
706 2630 779 2671 dei
822 2630 1024 2684 potentia
1072 2629 1130 2669 ad
1178 2628 1362 2669 laudem
1411 2627 1482 2666 sui
1529 2625 1775 2665 clementer
1800 2633 1842 2665 30

116 2704 292 2753 eduxit,
341 2703 420 2758 qui
460 2704 623 2744 eodem
656 2703 862 2756 periculo
895 2701 1095 2743 inuoluti
1127 2700 1267 2742 huius
1299 2699 1391 2739 uite
1423 2696 1772 2751 protelationem

116 2776 376 2817 incredibili
424 2788 542 2829 pena
588 2779 862 2816 mercantur.
926 2775 1097 2815 Natant
1140 2773 1261 2813 enim
1302 2772 1419 2812 inter
1459 2770 1608 2809 undas
1648 2780 1774 2807 more

204 2910 239 2945 5.
273 2909 452 2945 Domine
484 2912 581 2945 eto:
614 2907 754 2944 Matth.
788 2908 826 2953 8,
846 2908 909 2944 25.
975 2908 1010 2944 7.
1045 2907 1211 2943 adesset
1244 2904 1392 2949 (adest)
1424 2902 1586 2947 scripsi3
1631 2900 1775 2935 aderat

117 2965 243 3011 (adeiz)
279 2966 326 3003 Ο.
403 2966 439 3001 8.
479 2966 745 3013 legationem,
785 2964 859 3010 cfr.
902 2964 1084 3001 Corinth.
1116 2963 1165 3006 II,
1198 2963 1234 3006 5,
1252 2961 1313 2997 20.
1397 2960 1458 2995 10.
1497 2957 1774 3004 agonirabant

119 3022 227 3068 M1A,
259 3023 327 3059 sed
357 3034 458 3059 corr.
491 3022 561 3059 ΜΞ.
625 3023 688 3059 19.
722 3022 915 3058 obuoluti
945 3020 1092 3067 scripsi
1121 3022 1180 3065 (ut
1207 3030 1246 3065 p.
1275 3016 1364 3061 472,
1387 3016 1447 3061 7>2
1480 3014 1692 3052 subvoluti
1726 3013 1772 3049 Ο.

119 3081 182 3118 20.
216 3081 435 3127 propheta,
470 3080 491 3116 i.
517 3091 547 3116 e.
573 3080 724 3116 Psalm.
746 3080 807 3125 68,
829 3079 861 3115 3.
925 3079 976 3114 26
1014 3077 1232 3114 sufficiunt
1257 3075 1343 3111 MA.
1367 3095 1420 3099 ——
1447 3073 1511 3108 27.
1540 3075 1577 3108 et
1603 3071 1640 3107 11.
1670 3071 1691 3106 l.
1719 3069 1773 3107 O:

119 3148 167 3173 ac
200 3138 241 3173 E.
304 3138 367 3173 32.
400 3139 645 3174 mercantur
676 3136 837 3182 sc1·1‘psi;
871 3138 1115 3172 mereantur
1148 3134 1194 3169 O.
