2242 3551
573 269 714 297 GESTA
749 269 972 298 Ceroms
1004 270 1148 298 REGIS.
1199 269 1330 297 ruffin
1365 270 1376 297 1
1721 259 1803 297 393

144 384 328 435 instigat
369 384 686 436 hortaturque,
733 396 789 423 ne
829 396 957 423 mora
999 384 1090 423 ulla
1124 383 1358 436 inceptum
1394 383 1606 423 detineat.
1686 384 1804 434 Ergo

144 469 241 507 rex,
301 456 515 496 consultu
565 455 841 509 optimatum
892 455 1101 495 firmatus
1150 455 1444 509 militumque
1493 455 1802 496 beniuolentia

145 529 271 580 fisus,
304 528 496 569 classem
532 541 829 569 numerosam
861 528 995 568 iussit
1016 525 1027 582 Η
1051 529 1204 581 parari
1229 533 1270 568 et
1296 529 1565 569 uniuersam
1592 528 1804 568 militiam

146 601 384 641 Danorum
428 601 632 655 undique
672 601 864 652 moneri,
912 605 961 641 ut
1000 605 1170 641 statuto
1210 601 1282 641 die
1321 605 1496 641 armata
1538 602 1717 641 adesset
1763 604 1805 641 et

145 673 261 726 regis
308 674 584 714 sententiam
632 673 840 725 audiens,
889 686 1070 727 queque
1108 674 1460 727 imperarentur,
1508 673 1805 714 deuotissime
1833 682 1846 709 f

145 747 356 800 expleret.
449 747 672 788 Cursores
727 759 837 786 mox
893 746 1154 799 prouintiae
1210 760 1263 787 ex
1315 747 1444 786 iussu
1499 747 1677 787 domini
1737 746 1803 786 sui

144 822 360 859 cunctam
394 819 627 872 pergirant
652 819 910 871 regionem;
944 819 1146 872 quietam
1173 832 1359 873 quoque
1384 819 1807 860 commonefaciunt

144 895 340 944 gentem,
373 905 429 932 ne
462 892 566 945 quis
599 905 652 932 ex
684 896 811 932 tanto
838 891 1039 932 exercitu
1065 892 1261 932 deesset:
1296 892 1407 945 quin
1438 893 1591 932 omnis
1615 892 1807 932 bellator

144 968 259 1014 terre
305 968 385 1004 aut
431 964 547 1004 iram
586 965 703 1016 regis
748 964 1001 1005 incurreret
1047 968 1126 1004 aut
1168 964 1362 1004 iussioni
1411 964 1508 1005 eius
1555 965 1806 1004 aduolaret.

146 1036 267 1087 Quid
317 1039 452 1089 ergo‘?
512 1037 698 1091 Absque
729 1034 740 1091 Η
772 1037 1137 1077 contradictione
1178 1038 1458 1089 adunantur,
1506 1037 1809 1091 instructique

145 1109 288 1150 armis
329 1109 504 1150 bellicis
544 1110 762 1162 gregatim
806 1110 897 1161 regi
940 1122 1024 1150 suo
1057 1114 1394 1163 presentantur,
1441 1114 1720 1150 ostentantes
1762 1122 1808 1149 se

147 1186 332 1235 paratos
373 1183 430 1222 ad
474 1182 731 1235 periculum
775 1186 817 1223 et
859 1183 915 1222 ad
960 1186 1172 1231 mortem,
1220 1182 1258 1222 si
1297 1187 1477 1223 tantum
1518 1182 1696 1222 domini
1738 1182 1808 1222 sui

147 1259 318 1308 queant
364 1255 584 1308 perficere
632 1256 932 1296 uoluntatem.
1013 1256 1107 1295 Rex
1153 1259 1322 1307 autem,
1371 1255 1533 1295 uidens
1582 1255 1807 1308 populum

148 1327 553 1379 innumerabilem,
602 1340 715 1368 uoce
758 1328 1028 1381 preconaria
1070 1328 1203 1368 iussit
1243 1341 1375 1368 suam
1409 1328 1614 1381 patefieri
1648 1328 1809 1368 uolun-

147 1403 307 1440 tatem:
368 1413 414 1440 se
469 1401 586 1441 uelle
641 1400 814 1441 scilicet
870 1401 1065 1440 classem
1113 1401 1364 1441 aduersum
1411 1401 1582 1452 Anglos
1630 1413 1809 1441 armare

147 1472 403 1526 ditionique
444 1486 553 1513 suae
592 1486 778 1513 omnem
823 1473 945 1513 hanc
983 1473 1180 1526 patriam
1223 1473 1342 1514 ferro
1376 1473 1553 1514 dolisue
1587 1473 1807 1514 subicere.

148 1545 283 1595 Quod
326 1545 406 1585 ubi
445 1546 664 1586 omnibus
702 1543 714 1600 Η
752 1546 907 1586 uisum
955 1550 1073 1586 esset
1119 1546 1365 1598 laudabile,
1414 1546 1545 1598 elegit
1591 1547 1810 1599 primum,

147 1617 226 1671 qui
252 1629 444 1670 regnum
472 1631 607 1658 suum
635 1618 854 1659 deberent
878 1617 1123 1670 custodire,
1156 1632 1226 1669 ne,
1259 1620 1372 1659 dum
1398 1618 1600 1659 alienum
1628 1618 1810 1659 incaute

107 1696 110 1698 ’
147 1694 393 1743 appeteret,
441 1691 567 1740 illud,
616 1692 739 1745 quod
774 1704 964 1732 securus
996 1692 1194 1743 tenebat,
1241 1692 1467 1732 amitteret
1507 1695 1560 1743 et,
1607 1691 1809 1731 intentus

147 1763 193 1803 in
229 1767 438 1818 utroque,
471 1764 620 1804 neutri
653 1765 911 1817 imperaret.
962 1764 1173 1805 Habebat
1205 1764 1328 1804 enim
1363 1764 1483 1804 filios
1516 1765 1633 1804 duos
1662 1765 1809 1805 bonae

148 1835 332 1888 indolis,
379 1849 433 1877 ex
473 1837 643 1890 quibus
684 1836 1043 1890 primogenitum
1086 1850 1169 1877 suo
1210 1837 1359 1877 iunxit
1398 1837 1651 1887 comitatui,
1699 1842 1808 1877 natu

150 1921 260 1949 uero
294 1908 520 1950 minorem
556 1909 744 1962 prefecit
784 1909 989 1950 uniuersi
1028 1910 1155 1962 regni
1197 1910 1471 1959 dominatui,
1518 1910 1733 1950 adiuncta
1770 1910 1808 1950 ei

148 1981 280 2034 copia
315 1982 501 2022 militari
534 1982 787 2036 paucisque
828 1982 1094 2035 primatum,
1142 1982 1220 2035 qui
1260 1982 1505 2035 puerulum
1549 1982 1770 2033 sagaciter
1800 1980 1812 2036 l}

148 2053 452 2107 instituerent,
499 2059 541 2095 et
581 2055 659 2108 qui
702 2055 810 2095 huic
849 2054 1055 2095 consiliis
1095 2055 1329 2108 armisque
1363 2068 1445 2107 pro
1479 2068 1612 2095 muro
1646 2059 1807 2095 essent.

234 2128 273 2166 4.
338 2127 571 2168 Omnibus
611 2139 716 2179 ergo
755 2127 838 2167 rite
878 2126 1113 2180 dispositis
1146 2127 1375 2168 recensuit
1407 2126 1597 2167 comites
1631 2127 1808 2180 expedi-

148 2198 308 2250 tionis;
340 2200 605 2254 *relictoque
654 2200 832 2240 minore
880 2199 975 2240 filio
1023 2212 1106 2240 sua
1156 2200 1200 2240 in
1249 2200 1354 2240 sede
1401 2199 1513 2240 adiit
1555 2200 1807 2251 nauigium,

150 2272 348 2312 uallatus
391 2276 570 2313 armato
619 2273 775 2313 milite.
840 2272 933 2312 Nec
981 2285 1129 2313 mora:
1179 2272 1468 2313 concurritur
1507 2272 1711 2326 undique
1750 2274 1807 2313 ad

150 2344 315 2396 littora,
348 2344 672 2385 circumfertur
704 2345 878 2398 passim
911 2358 1149 2385 armorum
1184 2356 1310 2396 seges
1338 2345 1600 2397 multigena.
1649 2346 1809 2397 Aggre-

149 2417 239 2468 gati
286 2418 472 2458 tandem
520 2418 707 2458 turritas
749 2418 1007 2458 ascendunt
1044 2431 1236 2471 puppeS,
1284 2419 1419 2458 eratis
1463 2417 1621 2458 rostris
1669 2419 1807 2458 duces

150 2489 354 2541 singulos
398 2490 663 2530 uidentibus
704 2487 1102 2544 discrimillnantes.
1168 2490 1285 2530 Hinc
1328 2490 1448 2530 enim
1491 2495 1585 2530 erat
1625 2503 1809 2530 cernere

150 2562 306 2603 leones
352 2575 465 2602 auro
513 2563 670 2603 fusiles
717 2563 763 2603 in
811 2563 1068 2616 puppibus,
1130 2563 1239 2603 hinc
1292 2566 1445 2602 autem
1502 2563 1713 2603 uolucres
1761 2563 1804 2602 in

239 2679 274 2714 2.
307 2679 603 2716 beneuolentia
637 2681 722 2719 BD.
797 2681 832 2716 5.
868 2682 1131 2725 sententiam,
1164 2681 1186 2716 i.
1219 2692 1247 2716 e.
1280 2680 1551 2716 voluntatem.
1643 2691 1806 2726 queque

156 2750 201 2767 Ξ
223 2747 429 2783 quaequae,
461 2748 740 2784 quaecunque.
805 2738 839 2774 7.
875 2739 1100 2784 pergirare,
1134 2738 1155 2773 i.
1188 2749 1216 2773 e.
1250 2738 1510 2773 circueundo
1543 2749 1804 2784 percurrere.

154 2794 331 2829 10—11.
364 2795 994 2842 adunantur..presentantur:
1041 2795 1241 2830 eiusmodi
1278 2795 1547 2830 adsonanlias
1587 2795 1809 2840 soepissIme

151 2849 271 2886 habel
300 2850 368 2886 hie
397 2852 578 2898 scriptor.
658 2853 720 2888 18.
755 2853 837 2888 nell
871 2852 1003 2899 (eraso
1036 2850 1073 2900 c)
1105 2853 1147 2887 Α.
1225 2853 1288 2887 21.
1323 2850 1466 2887 natum
1507 2860 1636 2899 (eraso
1670 2850 1726 2898 m)
1764 2853 1806 2887 Α.

152 2907 216 2943 24.
250 2919 327 2954 pro
362 2910 494 2944 muris
527 2910 580 2954 B;
628 2920 705 2956 pro
739 2921 862 2945 muro
896 2921 1004 2953 esse,
1038 2908 1108 2954 cfr.
1142 2908 1235 2955 Rey.
1268 2909 1304 2953 I,
1339 2909 1488 2951 25,16,
1552 2909 1617 2946 26.
1651 2920 1726 2944 sua
1759 2919 1809 2944 em

151 2975 230 3000 suo
276 2976 378 3001 corr.
425 2964 497 3010 Al,
545 2977 622 3002 suo
665 2967 748 3002 BD.
828 2967 892 3002 27.
940 2967 1025 3001 Nec
1071 2977 1189 3002 mora
1228 2965 1461 3011 frequentet·
1504 2966 1654 3001 dicitur
1697 2966 1809 3012 apud

157 3020 375 3068 Veryilium
409 3025 446 3058 et
468 3023 673 3059 Ouidium.
737 3024 799 3059 28.
833 3034 1049 3059 armorum
1084 3033 1212 3068 seges,
1244 3022 1313 3068 cfr.
1354 3023 1485 3069 Veryil
1516 3023 1606 3060 AEn.
1639 3023 1707 3065 ΙΙΙ,
1742 3023 1805 3059 46.

154 3078 218 3114 29.
236 3079 409 3115 turritas
428 3091 603 3127 puppes,
631 3080 703 3126 cfr.
724 3079 967 3126 Ver9i1.AEn.
988 3080 1084 3125 VIII,
1105 3079 1198 3125 6933
1224 3083 1363 3115 aeratae
1382 3091 1521 3126 prorae
1541 3079 1809 3123 ibd.IX,121,·

153 3134 196 3180 X,
230 3135 322 3175 223.
359 3137 422 3173 30.
455 3141 544 3173 erat
576 3147 769 3174 cernere:
808 3136 949 3184 Vergil.
981 3136 1071 3172 AEn.
1109 3137 1167 3180 VJ,
1202 3137 1300 3180 596,·
1340 3136 1437 3179 VIII,
1472 3138 1560 3173 676.

1832 535 1890 564 fol.
1912 532 1980 566 lssv.

1838 1045 1876 1073 10
1906 1043 1966 1073 fol.
1982 1039 2049 1073 14‘.

1840 1408 1878 1437 15

1837 1553 1896 1584 fol.
1914 1549 1984 1584 14'.

1837 1771 1878 1801 20

1837 2064 1897 2095 fol.
1915 2060 1981 2094 15‘.

1836 2137 1878 2167 25

1837 2502 1878 2531 30
1906 2501 1966 2531 fol.
1985 2497 2054 2533 ιδ’.
