2242 3551
432 215 666 244 Exonva
700 203 977 243 MONASTERII
1011 214 1139 243 CARAE
1172 215 1344 244 INSVLAE
1637 203 1715 242 175

63 332 213 376 abbati
260 335 301 373 et
346 331 563 372 fratribus
611 329 918 370 sufficientem
965 329 1071 369 inde
1117 329 1361 380 iusticiam,
1410 331 1715 383 appellatione

62 410 247 457 remota,
286 418 379 445 non
412 403 592 444 differat
623 389 850 443 exhibere.
914 402 1059 455 Vnde,
1090 403 1313 457 quoniam
1346 403 1435 455 ille,
1469 417 1548 456 per
1579 417 1714 458 quem

63 491 186 533 reges
231 481 442 530 regnant,
491 476 753 517 celsitudini
800 480 874 516 tue
922 475 1126 528 gladium
1175 477 1232 516 ad
1281 476 1533 517 uindictam
1583 478 1719 517 male-

64 554 301 604 factorum,
349 550 535 591 laudem
569 561 679 590 uero
713 549 944 589 bonorum
978 549 1217 600 concessit,
1261 549 1548 590 serenitatem
1593 554 1717 590 tuam

65 639 143 680 per
180 623 431 678 apostolica
473 622 641 676 scripta
683 633 916 674 rogamus,
964 635 1210 663 monemus
1251 626 1292 663 et
1334 623 1632 663 exhortamur
1673 623 1717 662 in
1747 627 1764 656 5

67 698 268 750 domino,
316 696 548 751 quatinus,
593 696 628 736 si
669 695 842 748 prefata
878 695 1043 736 mulier
1075 695 1236 736 diuino
1268 695 1432 735 timore
1466 695 1720 749 postposito

66 771 260 813 noluerit
291 771 349 811 ad
383 783 448 822 ea,
481 782 568 824 que
600 768 804 822 predicta
837 773 958 821 sunt,
999 781 1193 809 censura
1227 768 1532 809 ecclesiastica
1567 770 1721 809 coher-

65 845 167 896 ceri,
209 843 331 896 regia
364 842 624 883 sublimitas
657 854 757 882 eam
791 842 849 882 ad
882 842 1143 882 ablatorum
1176 841 1526 893 restitutionem,
1560 842 1633 882 uel
1665 842 1721 882 ad

66 917 291 958 iusticiam
339 916 597 957 secundum
647 915 919 956 mandatum
976 919 1185 955 nostrum
1244 927 1400 955 coram
1448 915 1723 968 supradictis

67 989 291 1044 episcopis
339 989 613 1041 faciendam,
662 988 913 1029 commissa
954 988 993 1028 ei
1040 1001 1064 1028 a
1109 988 1300 1029 domino
1342 991 1564 1041 potestate
1603 1000 1724 1028 com·
1753 993 1792 1023 10

67 1063 215 1117 pellat,
260 1067 309 1103 ut
349 1062 560 1116 prelibati
601 1062 746 1103 abbas
788 1066 829 1102 et
865 1061 1026 1102 fratres
1067 1061 1139 1101 ius
1179 1074 1317 1101 suum
1357 1074 1437 1114 per
1469 1064 1510 1101 te
1543 1061 1728 1101 ualeant

68 1149 357 1190 recuperare,
414 1139 456 1177 et
511 1147 598 1176 nos
653 1135 1046 1187 magnificentiam
1103 1139 1230 1174 tuam
1280 1139 1519 1175 teneamur
1565 1134 1728 1174 exinde

67 1209 353 1250 multimodis
395 1209 442 1249 in
483 1208 674 1249 domino
715 1209 1058 1249 commendare.
1122 1207 1166 1248 Si
1214 1211 1367 1247 autem
1417 1207 1724 1260 suprascripta

67 1283 293 1336 possessio
328 1282 441 1323 forte
472 1280 484 1337 1)
514 1283 571 1322 ad
605 1282 750 1322 alium
783 1281 918 1322 fuerit
950 1281 1106 1336 aliquo
1139 1285 1345 1334 tempore
1378 1281 1610 1326 deuoluta,
1646 1280 1724 1334 qui
1754 1282 1911 1317 Fol.12¹⁶.

69 1356 296 1409 sepedicto
343 1356 499 1396 abbati
548 1360 590 1396 et
636 1354 853 1396 fratribus
901 1354 1131 1396 iusticiam
1184 1367 1315 1394 suam
1364 1354 1586 1405 denegare
1634 1366 1728 1406 pre·
1756 1360 1797 1390 15

68 1429 324 1482 sumpserit,
373 1428 641 1470 excellentia
686 1432 765 1468 tua
812 1429 1096 1469 detentorem
1137 1441 1163 1468 a
1210 1431 1333 1467 tanta
1382 1426 1728 1480 presumptione

69 1506 330 1555 compescat
369 1506 410 1543 et
451 1502 605 1555 ipsum
639 1501 921 1542 monasterio
954 1514 1087 1542 suam
1122 1500 1353 1541 iusticiam
1386 1501 1575 1541 reddere
1606 1500 1727 1551 regia

69 1578 285 1627 potestate
318 1575 612 1628 constringat.

165 1662 443 1752 Scripserat
475 1709 579 1750 ergo
613 1698 832 1739 dominus
864 1698 1147 1752 apostolicus
1179 1697 1267 1751 ipsi
1310 1697 1506 1749 mulieri,
1554 1701 1595 1738 et
1636 1710 1729 1738 non

71 1775 136 1811 est
166 1771 363 1812 auditus.
428 1771 679 1825 Scripserat
710 1771 802 1823 regi
837 1775 879 1811 et
910 1771 1152 1825 episcopis,
1201 1775 1243 1811 et
1282 1770 1425 1811 nichil
1468 1770 1727 1811 effecerunt.
1756 1779 1797 1809 20

71 1844 156 1885 Tot
199 1849 240 1885 et
276 1844 414 1885 tantis
456 1844 633 1885 domini
675 1843 917 1898 apostolici
957 1844 1117 1885 litteris
1158 1843 1311 1884 missis
1354 1844 1531 1884 nullam
1572 1857 1625 1884 ex
1665 1843 1728 1883 eis

24 1966 27 1972 ι
71 1916 241 1970 fratres,
274 1922 323 1958 ut
355 1917 572 1969 diximus,
605 1917 951 1958 restitucionem
984 1917 1219 1958 consecuti
1252 1921 1372 1969 sunt,
1407 1930 1461 1958 eo
1494 1917 1618 1971 quod
1652 1929 1729 1956 rex

70 1994 252 2044 propter
299 1991 621 2043 cognationem
666 1994 817 2031 tenere
865 1990 1083 2043 diligebat
1124 1990 1365 2031 mulierem
1415 2002 1499 2030 nec
1544 1989 1729 2030 uolebat

71 2076 169 2103 eam
209 2064 478 2105 contristare
518 2064 565 2104 in
609 2063 702 2104 uita
736 2077 840 2114 sua;
888 2068 929 2104 et
969 2063 1135 2104 iccirco
1177 2063 1358 2104 iusticia
1401 2062 1726 2115 negligebatur.

71 2137 237 2177 Verum
278 2142 381 2190 post
422 2141 616 2178 mortem
659 2137 782 2177 illius
815 2137 1033 2177 dominus
1066 2150 1144 2177 rex
1176 2137 1324 2178 uoluit
1355 2135 1573 2176 fratribus
1605 2135 1729 2175 resti·
1755 2140 1797 2175 ‘25

71 2212 194 2251 tuere
239 2210 427 2251 terciam
477 2214 652 2264 partem
700 2211 755 2251 de
796 2211 956 2262 Weng,
1005 2211 1237 2251 ualentem
1286 2223 1338 2250 x
1390 2221 1568 2249 marcas
1615 2208 1729 2256 auri,

72 2295 207 2335 quam
249 2282 422 2324 scilicet
460 2287 636 2336 partem
679 2284 880 2323 domnus
923 2284 1149 2324 Briennus
1190 2283 1443 2323 testabatur
1489 2281 1727 2321 mulierem

73 2354 159 2395 sibi
189 2356 478 2409 promisisse,
527 2357 605 2396 sed
638 2368 723 2397 nec
754 2357 856 2409 hoc,
888 2356 1100 2397 tarditate
1131 2355 1479 2401 interueniente,
1511 2355 1567 2395 ad
1602 2355 1729 2395 effec-

71 2431 166 2467 tum
215 2429 435 2482 peruenit.
529 2430 645 2469 Nam
702 2442 781 2469 rex
835 2429 970 2469 celeri
1023 2433 1170 2470 morte
1223 2429 1352 2482 prius
1399 2429 1454 2468 de
1500 2428 1589 2468 hac
1635 2428 1729 2467 uita

73 2500 274 2542 decessit.
337 2503 467 2543 Vnde
499 2502 673 2554 fratres,
722 2502 838 2543 sicut
878 2515 1059 2555 semper
1092 2502 1331 2555 conquesti
1365 2505 1471 2541 sunt
1503 2505 1544 2540 et
1576 2501 1730 2541 adhuc
1755 2510 1797 2541 30

73 2572 207 2614 hodie
239 2579 600 2629 conqueruntur,
633 2587 717 2615 nec
748 2575 997 2615 cessabunt
1020 2575 1253 2628 conqueri,
1287 2575 1434 2614 donec
1462 2573 1525 2614 eis
1549 2573 1727 2614 iusticia

73 2646 126 2686 de
158 2646 325 2688 iniuste
358 2647 444 2688 sibi
478 2647 642 2688 ablatis
675 2648 766 2688 fiat.

786 2746 883 2793 Cap.
915 2746 1015 2782 XIX.

243 2827 333 2871 Qua
366 2827 417 2863 de
450 2838 577 2863 causa
610 2830 877 2863 recesserunt
908 2827 959 2862 de
991 2827 1072 2862 iam
1108 2827 1217 2862 dicta
1250 2826 1387 2861 insula
1421 2825 1558 2861 Calue.

170 2895 408 2985 Cumque
439 2931 486 2972 in
519 2932 670 2972 insula
703 2944 783 2985 per
814 2931 1002 2984 aliquod
1037 2931 1314 2971 mansissent
1343 2935 1538 2983 tempus,
1573 2929 1729 2970 multis

75 3001 531 3045 incommoditatibus
556 3009 597 3044 et
621 3003 836 3057 periculis
861 3003 1034 3055 afflicti,
1067 3017 1119 3044 eo
1153 3004 1275 3056 quod
1302 3002 1565 3043 transiectio
1590 3002 1728 3042 nimis
1755 3013 1796 3043 35

163 3110 197 3144 1.
230 3095 379 3158 abbate}
411 3121 511 3146 corr.
546 3121 596 3146 m.
632 3110 664 3147 1.
698 3110 742 3146 C.
821 3110 943 3146 2—3.
988 3109 1068 3153 ille,
1110 3120 1186 3156 per
1225 3119 1352 3156 quem
1384 3117 1502 3155 reges
1534 3079 1726 3154 regnarit:

77 3163 145 3209 cfr.
177 3165 364 3203 Prouerb.
396 3168 433 3217 3,
454 3168 514 3204 16.
