2242 3551
463 972 503 1002 10

343 1041 417 1073 Fol.
433 1039 505 1073 45v.

462 1334 501 1364 15

456 2427 498 2458 30

339 2496 412 2528 Fol.
429 2494 497 2529 46‘.

535 177 618 217 266
879 187 1156 218 SCRIPTORES
1190 188 1418 218 msromAE
1450 188 1628 217 DANICAE
1660 188 1861 217 MINORES

535 313 673 355 regno
696 302 783 343 isto
806 305 936 354 esset,
960 306 1001 342 et
1023 302 1069 342 in
1088 302 1213 356 quali
1232 306 1351 343 statu
1370 299 1712 356 perstetissetffl,
1735 301 1906 354 dicens,
1930 303 2037 356 quia
2054 304 2189 346 talem

535 375 665 417 nouit
713 374 933 415 idoneum
982 387 1139 415 coram
1187 375 1272 416 deo
1320 378 1362 415 et
1414 374 1685 416 hominibus
1734 378 1914 416 tantum
1961 375 2190 429 suscipere

532 448 736 500 regimen
784 447 1048 487 animarum
1092 451 1134 488 et
1180 447 1359 501 apicem
1399 447 1675 501 episcopalis
1715 447 1960 500 dignitatis.
2023 449 2191 490 Verum

533 520 640 574 quia
696 520 794 573 ipse
848 520 1097 560 cardinalis
1154 524 1194 560 et
1246 521 1391 561 abbas
1445 525 1728 561 memoratus
1782 520 1952 572 college
2007 520 2190 562 fuerunt

533 593 784 646 aliquando
820 592 1023 633 Parisius
1068 597 1108 633 et
1149 592 1275 646 socij,
1323 606 1428 634 eum
1472 606 1552 646 per
1592 593 1750 634 omnia
1789 593 1933 645 nouit,
1981 594 2105 646 quod
2138 596 2190 636 de

533 669 708 719 septem
741 665 1010 706 liberalibus
1043 665 1247 719 aliquam
1290 670 1464 719 partem
1509 666 1698 707 haberet
1731 670 1773 706 et
1804 665 2022 706 noticiam
2056 670 2188 721 atque

532 741 869 791 competentem
918 739 976 779 ad
1024 739 1109 779 hec
1150 739 1445 791 prudentiam
1494 743 1535 779 et
1581 738 1926 780 discrecionem.
1991 739 2187 792 Respon-

532 824 729 865 sumque
761 814 827 851 est
859 810 925 851 illi
957 824 983 851 a
1015 811 1247 863 fratribus,
1291 813 1416 865 quod
1448 812 1594 853 abbas
1626 811 1673 852 in
1706 811 1867 852 ordine
1900 811 2187 853 Cisterciensi

531 883 615 924 fuit
654 883 701 923 in
740 883 819 924 tali
860 883 1054 924 abbacia
1094 884 1153 924 ab
1192 883 1298 924 inde
1338 885 1395 925 ad
1428 888 1518 925 tres
1550 885 1707 925 dietas.
1769 884 1825 924 At
1865 883 1940 924 ille
1979 879 2186 926 accersiri

531 969 637 996 eum
670 958 728 997 ad
762 969 808 997 se
840 956 1054 1009 precepit.
1114 957 1263 1007 Quem
1298 970 1404 998 cum
1438 968 1606 1010 magno
1639 957 1807 1010 gaudio
1840 956 2098 998 venientem
2131 959 2186 999 ad

533 1042 579 1070 se
612 1028 796 1082 recepit,
844 1032 885 1069 et
924 1029 1012 1069 sibi
1053 1029 1267 1083 injunxit,
1314 1034 1360 1071 vt
1400 1030 1448 1070 in
1481 1030 1683 1083 capitulo
1715 1030 1923 1083 ipsorum
1955 1027 1967 1084 ΙΙ
1996 1030 2185 1071 verbum

529 1101 601 1142 dei
633 1101 722 1141 illis
764 1114 922 1142 coram
965 1115 1018 1143 eo
1057 1107 1346 1155 proponeret,
1394 1103 1501 1157 quia
1542 1103 1639 1157 ipse
1678 1103 1925 1144 cardinalis
1969 1103 2184 1143 noticiam

529 1174 682 1227 lingue
716 1174 890 1215 Danice
922 1188 1017 1215 non
1051 1175 1251 1216 haberet.
1317 1176 1457 1228 Igitur
1498 1189 1605 1217 cum
1646 1176 1785 1217 verba
1824 1175 1970 1230 ipsius
2008 1176 2185 1217 abbatis

528 1260 635 1288 cum
670 1247 878 1288 moribus
911 1247 1009 1288 eius
1042 1248 1298 1301 peroptime
1340 1249 1623 1290 concordare
1661 1250 1719 1289 ab
1752 1249 1971 1289 omnibus
2004 1248 2186 1290 audien-

528 1320 652 1361 tibus
684 1320 962 1372 viderentur,
1008 1321 1095 1361 sibi
1128 1321 1405 1376 loquebatur
1438 1322 1700 1374 cardinalis,
1749 1335 1836 1376 que
1868 1321 2064 1373 volebat,
2111 1323 2186 1362 sed

529 1394 584 1434 de
610 1393 879 1446 episcopatu
906 1393 1051 1434 nichil
1075 1393 1200 1434 dixit.
1249 1394 1305 1434 At
1336 1394 1494 1447 abbas,
1527 1396 1586 1435 ad
1614 1395 1807 1435 domum
1833 1407 1965 1435 suam
1991 1394 2182 1447 rediens,

529 1465 594 1506 sic
626 1479 673 1506 se
704 1466 905 1506 habebat
937 1466 1056 1507 sicut
1086 1466 1227 1519 prius.
1291 1466 1549 1508 Cardinalis
1590 1481 1698 1508 vero
1737 1468 1795 1508 ad
1828 1468 1983 1508 sedem
2015 1467 2184 1508 Wiber-

528 1550 714 1591 gensem
747 1539 950 1591 veniens,
984 1552 1089 1580 cum
1119 1539 1175 1580 de
1198 1539 1406 1591 eligendo
1430 1540 1586 1595 aliquo
1609 1541 1655 1580 in
1681 1540 1952 1594 episcopum
1975 1539 2183 1581 canonici

527 1611 673 1665 ipsius
714 1611 835 1652 sedis
876 1625 969 1652 non
1011 1625 1121 1652 sane
1162 1611 1231 1664 [de
1263 1612 1433 1666 aliquo]
1476 1617 1727 1666 potuerunt
1770 1612 2033 1666 conuenire,
2073 1613 2183 1653 dixit

529 1697 575 1725 se
607 1684 854 1725 cardinalis
888 1684 1002 1725 scire
1035 1685 1288 1738 quemlibet
1317 1685 1470 1726 virum
1502 1690 1627 1726 tante
1659 1686 1756 1727 sedi
1792 1689 1835 1726 et
1865 1685 2032 1726 honori
2064 1698 2181 1727 com-

527 1761 757 1811 petentem
791 1761 833 1797 et
863 1757 1035 1810 vtilem,
1084 1758 1120 1798 si
1160 1758 1329 1799 vellent
1368 1758 1455 1799 sibi
1497 1759 1768 1800 consentire.
1832 1759 1967 1810 Quod
2009 1772 2055 1800 se
2096 1758 2181 1799 fac-

528 1835 653 1871 turos
700 1830 979 1871 vnanimiter
1026 1832 1388 1884 spoponderunt.
1451 1832 1506 1872 At
1553 1832 1650 1884 ipse
1696 1832 1827 1872 illum
1874 1832 2089 1872 abbatem
2136 1831 2179 1872 in

527 1903 797 1956 episcopum
842 1903 993 1944 statim
1033 1903 1258 1956 nominat,
1305 1908 1347 1944 et
1384 1904 1449 1944 illi
1489 1917 1596 1945 cum
1636 1905 1714 1944 ‘Te
1754 1905 1892 1945 deum
1925 1904 2178 1945 laudamus'

527 1975 566 2016 ei
605 1976 827 2017 continuo
870 1976 1203 2017 acclamabant.
1271 1977 1370 2030 lpse
1417 1977 1570 2031 itaque
1616 1978 1864 2018 cardinalis
1910 1978 1967 2018 ad
2017 1978 2177 2019 Caram

458 2063 466 2074 ‘
528 2049 734 2089 Insulam
768 2063 850 2103 pro
884 2063 937 2091 eo
969 2050 1107 2102 misit,
1155 2054 1196 2090 et
1234 2054 1281 2090 vt
1323 2050 1477 2091 statim
1517 2051 1627 2092 visis
1667 2051 1827 2092 litteris
1859 2052 1917 2091 ad
1950 2064 1997 2091 se
2029 2050 2180 2092 venire

527 2134 620 2162 non
653 2123 865 2174 tardaret,
913 2122 1170 2176 precipiens
1203 2123 1386 2177 nuncijs
1418 2123 1528 2175 suis,
1575 2128 1621 2165 vt
1653 2126 1708 2165 de
1740 2124 2008 2178 episcopatu
2040 2123 2179 2164 nichil

526 2194 745 2235 referrent
777 2195 878 2236 sibi.
942 2195 1059 2237 Cum
1100 2208 1206 2236 vero
1248 2196 1391 2236 nichil
1433 2196 1495 2237 ita
1536 2197 1769 2238 occultum
1811 2197 1880 2249 sit,
1925 2198 2049 2251 quod
2087 2210 2176 2238 non

525 2267 823 2321 reuelabitur,
877 2273 1032 2310 tamen
1085 2268 1329 2320 negocium
1384 2269 1497 2310 illud
1545 2270 1749 2310 famulus
1794 2269 1941 2323 ipsius
1986 2269 2176 2321 abbatis,

527 2341 815 2381 Thorstanus
848 2341 1051 2394 nomine,
1084 2354 1109 2381 a
1143 2341 1324 2394 nuncijs
1357 2342 1619 2392 cardinalis,
1652 2342 1730 2396 qui
1763 2355 1846 2395 pro
1871 2355 1923 2383 eo
1948 2345 2176 2394 venerant,

526 2414 747 2455 veraciter
793 2414 1025 2455 intellexit.
1102 2414 1253 2455 Altera
1301 2419 1455 2455 autem
1498 2415 1585 2467 die,
1632 2428 1738 2456 cum
1787 2420 1911 2456 extra
1959 2419 2135 2469 portam
2166 2412 2178 2469 ΙΙ

525 2486 663 2527 simul
696 2487 945 2541 equitando
978 2487 1310 2540 peruenissent,
1343 2487 1492 2528 dictus
1524 2487 1727 2528 famulus
1760 2502 1871 2529 suus
1892 2488 2175 2529 Thorstanus

525 2572 668 2600 vnum
715 2559 898 2612 nigrum
939 2560 1128 2613 pilleum
1168 2563 1330 2611 rogatu
1373 2561 1652 2601 nunciorum
1699 2561 1892 2614 dompni
1932 2559 2174 2602 cardinalis

611 2708 647 2744 2.
682 2718 825 2743 coram
859 2708 937 2743 deo
970 2710 1010 2743 et
1041 2708 1299 2751 hominibus,
1346 2708 1417 2754 cfr.
1452 2708 1545 2745 Luc.
1577 2708 1639 2755 24,
1662 2709 1725 2748 19.
1804 2710 1863 2746 13.
1904 2709 2014 2756 ligue
2054 2709 2087 2746 C
2125 2707 2175 2757 (et

523 2775 628 2811 saepe
660 2764 746 2800 hoec
778 2775 856 2800 vox
887 2765 941 2800 ila
973 2763 1184 2814 scribitur).
1250 2766 1311 2802 17.
1344 2766 1453 2802 sicut
1485 2766 1603 2812 prius
1632 2766 1866 2813 frequentet·
1895 2767 2031 2803 eodem
2056 2766 2172 2802 modo

525 2822 567 2857 ιή
606 2821 787 2867 Vulyala.
878 2822 1060 2868 Wiborg.
1094 2822 1140 2868 C,
1172 2823 1240 2858 sed
1271 2834 1295 2858 o
1329 2823 1370 2858 in
1405 2834 1425 2859 e
1457 2826 1679 2859 correctum
1713 2826 1777 2860 est.
1857 2826 1918 2860 19.
1951 2824 2002 2860 de
2033 2824 2171 2870 aliquo

525 2879 630 2914 male
673 2879 860 2916 iteratum
903 2879 1067 2915 videtur.
1145 2880 1207 2916 20.
1241 2880 1473 2926 quemlibet
1504 2880 1542 2917 11.
1577 2881 1599 2919 I.
1633 2880 1735 2917 mire
1762 2891 1840 2927 pro
1872 2881 2084 2928 quendam
2117 2879 2173 2915 vel

524 2935 720 2982 aliquem.
809 2939 922 2972 tante
952 2947 1053 2972 corr.
1086 2946 1136 2972 ex
1165 2938 1270 2973 tanti
1302 2937 1347 2974 C.
1423 2938 1487 2974 22.
1519 2935 1874 2984 spolsponderunt
1905 2938 1939 2974 C
1970 2940 2097 2982 (eraso
2128 2937 2171 2981 s).

525 3004 589 3039 23.
619 3003 711 3049 sori.
744 3004 890 3042 rectius
918 3004 1081 3051 perfect.
1113 2994 1294 3042 nomin-31.
1373 3006 1552 3042 27—28.
1587 3006 2065 3042 nichil..reuelabitur:
2102 3003 2171 3050 cfr.

526 3059 665 3098 Mallh.
703 3061 764 3107 10,
784 3061 854 3106 26,·
889 3061 1010 3098 Marc.
1043 3062 1170 3108 4,22,·
1203 3062 1296 3099 Ltlc.
1334 3063 1372 3112 8,
1393 3063 1467 3108 17,·
1502 3063 1619 3108 122.
