2242 3551
418 964 459 994 10

300 1109 374 1140 Fol.
389 1103 461 1140 42v.

419 1330 460 1360 15

421 1695 464 1726 20

424 2062 465 2092 25

427 2425 470 2456 30

480 174 564 216 260
825 188 1102 219 SCRIPTORES
1136 190 1364 221 msromAE
1396 191 1574 221 DANICAE
1606 191 1807 221 M1Nonsss

482 304 643 354 legato,
683 303 904 356 delegato,
953 305 1050 357 Ego
1083 305 1221 345 frater
1253 306 1426 358 Thuro,
1467 306 1616 347 dictus
1650 306 1796 347 abbas
1830 306 1943 347 Care
1978 306 2143 359 Insule,

483 375 658 417 ordinis
688 375 1031 429 Cysterciensis‚
1065 378 1276 431 dyocesis
1303 379 1580 430 Arusiensis,
1614 382 1718 432 peto
1752 392 1805 419 ex
1837 383 1965 432 parte
1998 379 2144 420 tocius

482 449 573 490 mei
606 453 880 501 conuentus,
920 451 1178 491 secundum
1211 456 1312 492 acta
1345 451 1509 505 prioris
1543 451 1646 504 diei,
1687 452 1830 492 michi
1863 464 2087 505 expensas
2119 465 2144 493 3

483 521 674 563 domino
707 522 945 563 Arusiensi
980 523 1197 577 episcopo
1231 537 1311 578 per
1342 528 1486 564 totam
1520 524 1644 564 litem
1676 524 1822 578 factas
1854 524 2058 575 refundi3
2105 529 2146 566 et

484 595 592 649 quia
626 595 684 635 ad
717 599 977 648 presentem
1019 596 1140 637 diem
1183 610 1277 637 non
1318 597 1458 649 uenit,
1506 597 1633 638 hunc
1675 601 1717 638 et
1755 597 1871 637 alios
1910 597 2146 650 terminos,

484 668 531 709 in
565 668 733 722 quibus
767 681 1035 722 comparere
1068 669 1302 722 debuerat,
1336 674 1529 711 uocatus
1557 670 1770 722 legitime,
1804 670 2145 723 supersedendo

485 741 832 788 contumaciter,
880 745 984 794 peto
1030 742 1267 783 humiliter
1300 756 1403 783 eum
1438 747 1661 797 tanquam
1696 746 2019 783 contumacem
2052 755 2148 783 sen-

485 814 634 855 tencia
690 814 1188 855 excommunicationis
1235 816 1472 867 innodari,
1528 820 1570 856 et
1623 815 1764 856 latam
1820 828 1898 869 per
1952 816 2145 856 eandem

487 887 768 928 sentenciam
804 887 862 928 ab
888 887 1108 928 omnibus
1135 888 1364 929 mandetis
1388 888 1590 929 strictius
1615 887 1869 940 obseruari,
1902 891 1957 940 et,
1989 887 2148 928 litteris

486 960 651 1001 uestris
699 959 805 1001 inde
854 960 1093 1011 confectis,
1155 961 1282 1002 hunc
1328 974 1598 1015 processum
1647 961 1796 1013 sigillo
1843 960 2056 1014 apposito
2102 960 2147 1000 in

487 1038 758 1088 perpetuam
791 1032 932 1073 huius
965 1033 1071 1073 facti
1105 1034 1396 1075 euidenciam
1430 1034 1748 1088 perhennari.«

576 1107 740 1158 Quare,
767 1119 873 1147 cum
900 1106 1033 1147 iustis
1058 1107 1274 1159 precibus
1297 1120 1432 1148 aures
1456 1111 1638 1148 nostras
1672 1111 1713 1147 et
1737 1107 1949 1147 animum
1974 1103 2148 1161 messrito

486 1179 710 1220 inclinare
750 1179 1004 1219 debeamus
1044 1191 1129 1220 nec
1170 1184 1265 1220 tam
1313 1180 1431 1221 iuste
1478 1179 1696 1234 peticioni
1744 1179 1990 1231 contraire,
2037 1179 2148 1219 iuris

489 1253 711 1293 suadente
757 1251 926 1303 rigore,
974 1251 1268 1305 aliquatenus
1314 1266 1660 1307 presumamus,
1710 1253 1804 1293 Nos
1848 1254 2030 1305 Bondo,
2077 1252 2148 1293 dei

488 1326 631 1378 gratia
666 1325 976 1366 Sleswicensis
1011 1325 1270 1379 episcopus,
1308 1326 1446 1366 iudex
1478 1326 1645 1366 unicus
1677 1339 1703 1366 a
1737 1325 1991 1367 uenerabili
2023 1329 2148 1379 patre

488 1404 646 1441 nostro
672 1399 735 1451 G.,
769 1397 929 1439 diuina
963 1397 1257 1439 miseratione
1289 1399 1408 1439 tituli
1442 1399 1588 1439 sancti
1622 1398 1864 1452 Laurencij
1900 1399 1947 1439 in
1977 1397 2147 1439 Lucina

488 1472 742 1527 presbitero
776 1470 1013 1522 cardinali,
1047 1471 1299 1524 apostolice
1328 1473 1448 1512 sedis
1473 1472 1634 1524 legato,
1668 1472 1903 1524 delegatus
1927 1471 1972 1512 in
1998 1484 2150 1524 causa,

489 1559 577 1600 que
611 1544 803 1585 uertitur
833 1544 951 1584 inter
983 1543 1227 1584 dominum
1262 1545 1534 1598 episcopum
1563 1545 1874 1596 Arusiensem,
1906 1544 2148 1585 dominum

490 1619 749 1671 Tukonem,
783 1630 836 1657 ex
869 1630 961 1657 una
994 1620 1136 1670 parte,
1174 1621 1215 1657 et
1247 1617 1492 1658 dominum
1525 1617 1741 1658 abbatem
1777 1617 1889 1658 Care
1922 1617 2076 1658 Insule
2108 1621 2148 1658 et

492 1693 589 1734 eius
637 1694 920 1732 conuentum
968 1702 1021 1730 ex
1068 1690 1228 1742 altera,
1288 1703 1381 1730 non
1434 1690 1780 1731 considerantes
1836 1690 2149 1743 acceptionem

491 1777 816 1819 personarum,
880 1763 959 1803 sed
1013 1762 1071 1802 ob
1125 1763 1195 1803 dei
1250 1763 1465 1804 timorem
1521 1767 1563 1803 et
1607 1762 1720 1803 iuris
1767 1762 1999 1804 iusticiam
2048 1763 2150 1816 plus

492 1842 714 1889 amantes,
763 1836 880 1877 sicut
921 1834 967 1875 in
1002 1835 1129 1875 omni
1162 1848 1380 1889 processu
1413 1835 1530 1876 inter
1562 1849 1638 1876 eos
1672 1835 1831 1876 habito
1865 1839 1906 1875 et
1938 1834 2150 1889 superius

492 1914 703 1952 enarrato
757 1909 903 1961 patuit
957 1907 1214 1961 euidenter,
1270 1909 1469 1950 eundem
1520 1909 1791 1962 episcopum
1839 1908 2149 1959 Arusiensem,

493 1984 737 2026 dominum
772 1982 1025 2033 Tuconem,
1072 1982 1356 2034 auctoritate,
1396 1994 1486 2036 qua
1519 1981 1770 2034 fungimur,
1815 1994 1898 2034 pro
1931 1994 2015 2021 sua
2047 1993 2150 2021 con-

492 2057 695 2098 tumacia
721 2057 1184 2096 excommunicamus
1209 2054 1255 2094 in
1280 2054 1368 2107 hijs
1395 2054 1589 2108 scriptis,
1623 2058 1665 2095 et
1688 2053 1969 2107 precipimus
1993 2054 2150 2094 eadem

493 2129 763 2171 auctoritate
809 2129 868 2169 ab
916 2127 1135 2168 omnibus
1182 2127 1368 2168 caucius
1414 2128 1706 2180 euitandum,
1757 2127 2151 2180 condempnantes

494 2203 628 2244 etiam
680 2202 878 2242 eundem
926 2201 973 2240 in
1021 2199 1232 2253 expensis
1280 2201 1396 2253 parti
1444 2201 1657 2252 aduerse,
1705 2199 1918 2240 uidelicet
1963 2198 2152 2239 domino

494 2274 651 2317 abbati
694 2278 736 2315 et
775 2286 858 2313 suo
899 2272 1164 2324 conuentui,
1212 2272 1259 2312 in
1298 2275 1392 2313 tota
1434 2272 1509 2313 lite
1548 2272 1691 2325 factis,
1740 2273 1994 2312 secundum
2029 2271 2151 2325 quod

495 2349 552 2390 ab
600 2348 774 2389 eisdem
814 2346 961 2386 iurate
1007 2344 1176 2385 fuerint
1223 2349 1264 2385 et
1305 2358 1330 2385 3
1372 2345 1506 2385 nobis
1550 2345 1807 2386 secundum
1848 2344 2148 2384 discretorum

497 2421 706 2461 uirorum
769 2418 1015 2460 consilium
1077 2418 1377 2470 postmodum
1437 2422 1691 2458 contaxate.
1786 2417 1836 2457 In
1898 2416 2030 2457 cuius
2089 2414 2152 2455 rei

498 2493 788 2534 euidenciam
843 2495 885 2531 et
940 2476 1202 2544 <cautelam>
1258 2490 1540 2530 sentenciam
1597 2489 1721 2529 iuxta
1775 2489 1889 2529 iuris
1944 2487 2151 2529 ordinem

497 2567 638 2607 latam
672 2565 719 2605 in
753 2564 943 2605 ecclesia
976 2562 1097 2603 beati
1131 2562 1251 2602 Petri
1285 2562 1600 2614 Slaeswicensi,
1647 2561 1755 2615 quia
1788 2561 2069 2614 quibusdam
2102 2572 2154 2600 ex

497 2637 734 2692 premissis
780 2635 1066 2678 venerabiles
1113 2639 1263 2688 patres
1311 2634 1475 2686 nostri,
1526 2634 1732 2675 Jacobus
1779 2633 2154 2687 archiepiscopus

498 2710 758 2752 Lundensis
784 2714 825 2750 et
844 2710 1003 2749 Petrus
1028 2707 1274 2760 episcopus
1293 2706 1623 2758 Roskildensis,
1656 2706 1730 2759 alij
1766 2706 1903 2746 etiam
1928 2704 2153 2758 capellani

585 2830 620 2865 4.
659 2829 731 2864 lite
769 2827 904 2872 codex,
951 2828 1044 2872 post
1083 2825 1191 2872 quod
1231 2825 1361 2860 littera
1402 2824 1489 2860 fin
1521 2823 1729 2870 foramine
1759 2822 2012 2859 membranoe
2038 2832 2154 2868 poene

500 2897 659 2934 interiit.
739 2897 800 2932 12.
835 2896 974 2940 Quare
1005 2894 1167 2940 scripsi3
1215 2879 1271 2937 Q&
1311 2891 1349 2941 (i.
1383 2904 1410 2928 e.
1452 2890 1567 2940 quia)
1605 2890 1668 2928 CS.
1745 2892 1924 2928 20—21.
1965 2890 2152 2937 acceptio

499 2965 801 3002 personarum:
836 2954 944 2999 epist.
964 2953 1073 2988 Petri
1088 2952 1117 2997 I,
1139 2953 1172 2996 1,
1196 2951 1258 2987 17.
1320 2951 1382 2986 26.
1417 2950 1589 2986 caucius
1623 2950 1778 2995 scripsi,
1811 2947 1883 2994 cfr.
1906 2960 1945 2994 ρ.
1975 2948 2063 2994 186,
2083 2947 2153 2992 283

499 3014 638 3048 arcius
672 3010 737 3048 C8.
814 3011 877 3047 31.
910 3013 949 3046 et
982 3008 1047 3055 OS,
1079 3009 1187 3056 quod
1220 3009 1259 3044 in
1295 3019 1385 3044 eam
1419 3007 1705 3053 corriyendum
1741 3006 1908 3049 videtur,
1943 3006 2024 3041 nisi
2052 3003 2154 3050 forte

499 3069 705 3106 cautelam
739 3068 895 3104 excidit.
