2242 3551
435 965 476 996 10

433 1327 473 1357 15

432 1690 475 1721 20

433 2053 474 2083 25

502 182 556 221 58
846 192 1121 221 SCRIPTORES
1154 193 1380 222 HISTORIAE
1412 193 1588 221 DANICAE
1620 192 1819 221 MINORES

502 306 645 347 nobili
678 307 733 347 de
766 306 1026 347 Theutonia
1059 306 1237 348 occisus
1270 307 1366 356 fuit,
1414 306 1582 348 eiectus
1622 311 1688 347 est
1719 320 1742 347 a
1776 308 1880 347 sede
1915 307 2149 347 Bremensi

503 383 544 419 et
575 392 600 419 a
634 392 751 432 papa
779 379 1205 420 excommunicatus
1232 384 1307 421 est.
1358 380 1518 431 (Natus
1542 384 1608 420 est
1625 380 1940 430 Valdemarus‚
1972 380 2149 433 primus

502 452 624 492 filius
658 451 934 492 Valdemari.
982 451 1122 493 Addit.
1156 451 1264 504 rec).

589 525 764 566 MCCX.
829 524 1070 577 Expeditio
1103 525 1220 565 facta
1252 529 1317 566 est
1348 525 1395 565 in
1430 525 1647 565 Samland
1681 529 1723 564 et
1754 524 2007 565 Prusciam.
2057 526 2150 565 Rex

503 597 755 638 Suerkerus
802 597 984 638 corruit.
1060 595 1198 651 (Pons
1245 598 1361 638 ultra
1409 597 1587 637 Albium
1635 597 1794 637 factus.
1865 596 2026 636 Ericus
2072 610 2149 637 rex

503 670 661 710 Suecie
692 670 823 710 duxit
855 683 1059 710 sororem
1091 670 1209 722 regis
1241 669 1515 711 Valdemari.
1563 669 1702 709 Addit.
1736 667 1845 722 rec).

590 742 787 784 MCCXI.
853 742 1064 783 Castrum
1113 742 1269 783 Dimin
1315 743 1362 783 in
1408 741 1588 783 Sclauia
1636 741 1873 782 edificatur
1919 755 1945 781 a
1993 741 2147 782 Danis.

504 815 560 855 Et
590 828 707 868 pons
740 816 856 856 ultra
890 815 1072 856 Albiam
1105 816 1252 856 factus
1284 819 1361 856 est.

590 887 811 929 MCCXII.
875 888 1001 941 Obijt
1049 888 1300 940 Margareta
1348 886 1565 940 (Dagmar
1602 899 1737 940 supra
1776 899 1854 927 scr.
1896 900 2015 927 man.
2058 884 2149 939 vet.)

503 960 672 1011 regina,
705 960 798 1001 filia
831 960 947 1013 regis
981 960 1179 1001 Boelnie.

588 1033 833 1074 MCCXIII.
897 1032 1023 1086 Obijt
1053 1033 1304 1084 Johannes‚
1338 1033 1459 1073 filius
1494 1033 1686 1073 Esberni
1721 1033 1888 1074 Snarae.

588 1105 856 1146 MCCXIIII.
905 1105 1032 1159 Obijt
1051 1106 1210 1145 Petrus
1228 1105 1470 1159 episcopus
1491 1105 1818 1157 Roskildensis,
1844 1109 1883 1144 et
1903 1105 2149 1146 Gaufridus

500 1178 644 1218 abbas
678 1178 814 1229 Sorae,
848 1182 889 1219 et
921 1178 1099 1220 Olauus
1132 1177 1375 1231 episcopus
1410 1178 1632 1231 Ripensis.
1692 1177 1800 1228 (Rex
1832 1177 1960 1218 duxit
1992 1190 2150 1218 secun-

500 1251 604 1290 dam
640 1263 830 1291 uxorem
865 1250 1197 1303 Berengariam.
1246 1250 1388 1292 Addit.
1422 1249 1529 1304 rec).

588 1322 804 1364 MCCXV.
892 1322 1149 1365 Concilium
1205 1324 1412 1375 generale
1469 1323 1722 1363 celebratur
1769 1324 1911 1363 Rome
1957 1336 1982 1363 a
2030 1336 2147 1376 papa

501 1395 781 1436 Innocentio.
844 1396 1168 1436 Waldemarus
1200 1396 1352 1436 iunior
1383 1395 1428 1435 in
1462 1407 1612 1447 regem
1646 1395 1835 1448 eligitur.

588 1468 828 1509 MCCXVI.
890 1469 1213 1509 Waldemarus
1245 1471 1412 1508 terram
1446 1467 1641 1508 Palatini
1674 1468 1944 1508 deuastauit.
1992 1469 2146 1508 Natus

500 1544 566 1580 est
597 1553 674 1581 rex
707 1541 881 1582 Ericus.

586 1612 865 1665 (MCCXVII.
928 1614 1055 1654 Ordo
1104 1613 1448 1654 Predicatorum
1495 1613 1675 1666 incepit.
1739 1614 1831 1653 Rex
1873 1613 1996 1654 misit
2035 1613 2148 1653 mili-

500 1685 610 1725 tiam
668 1699 800 1726 suam
849 1686 1125 1727 Brunshwik
1180 1686 1226 1726 in
1280 1686 1505 1726 auxilium
1552 1686 1732 1727 Ottonis
1786 1690 1943 1726 contra
1998 1698 2147 1739 regem

502 1758 792 1811 Philippum;
840 1763 881 1799 et
918 1758 1071 1811 ipsum
1112 1759 1167 1798 de
1202 1758 1326 1811 Ripis
1367 1757 1411 1798 in
1443 1758 1651 1812 Anytiam
1693 1758 1922 1799 transduci
1958 1758 2063 1799 fecit
2101 1758 2147 1798 in

501 1831 712 1884 expensis
744 1830 851 1871 suis.
899 1830 1039 1871 Addit.
1076 1832 1166 1882 oet.)

589 1903 874 1944 MCCXVIII.
938 1903 1044 1944 Otto
1078 1903 1325 1956 imperator
1356 1904 1478 1956 obijt.

589 1976 829 2017 MCCXIX.
892 1977 1215 2017 Waldemarus
1255 1975 1339 2016 iuit
1376 1989 1480 2016 cum
1526 1977 1722 2017 exercitu
1755 1981 1912 2016 contra
1945 1988 2148 2029 paganos

501 2047 547 2088 in
582 2049 785 2089 Estland.

588 2121 807 2162 MCCXX.
857 2120 983 2174 Obijt
1001 2121 1272 2173 Berengaria
1299 2122 1464 2173 regina.
1515 2122 1801 2162 Hierusalem
1827 2135 1852 2161 a
1878 2121 2148 2162 Christianis

501 2197 808 2246 recuperatur.

590 2372 622 2408 1.
668 2373 873 2408 Teutonia
923 2373 970 2408 H.
1073 2373 1230 2408 eiectus
1276 2373 1353 2408 fuit
1400 2374 1445 2409 H.
1550 2374 1809 2409 Bremmensi
1858 2374 1891 2409 H
1948 2375 2046 2418 (non
2093 2374 2146 2417 S).

501 2430 536 2464 3.
571 2429 810 2465 Valdamari
843 2430 1019 2466 secundi
1054 2431 1100 2475 H,
1146 2432 1258 2465 recte.
1338 2431 1372 2465 4.
1412 2430 1492 2465 alia
1534 2441 1660 2466 manu
1700 2432 1752 2466 ad
1794 2431 1991 2467 Samland
2031 2431 2064 2466 H
2104 2431 2144 2466 in

500 2497 630 2532 mat-9.
664 2497 704 2523 o:
739 2487 1051 2534 Samogithiam.
1125 2487 1314 2523 Prusiam
1340 2487 1394 2532 H;
1427 2487 1639 2523 Prussiam
1659 2488 1697 2524 S.
1760 2489 1795 2525 5.
1825 2489 2080 2524 Svercherus
2101 2489 2145 2524 H.

456 2533 461 2536 ⁴
506 2543 629 2579 Verba
674 2544 783 2579 Pons
832 2556 868 2580 u.
908 2547 948 2580 A.
988 2544 1122 2580 factus
1168 2543 1205 2580 h.
1248 2544 1269 2580 I.
1311 2555 1388 2580 om.
1429 2545 1475 2579 H.
1564 2545 1762 2581 Alb...C.
1841 2546 1876 2583 7.
1921 2545 2058 2581 Slauia
2100 2546 2145 2581 H.

505 2602 540 2636 8.
576 2600 709 2636 Albim
743 2601 877 2637 factus
908 2603 1000 2645 (om.
1036 2603 1111 2645 est)
1145 2602 1191 2636 H.
1254 2603 1287 2637 9.
1318 2602 1471 2636 Damar
1497 2602 1542 2637 H.
1608 2604 1670 2639 11.
1699 2603 1827 2638 Snare
1856 2603 1907 2647 H;
1941 2602 1979 2637 in
2014 2612 2143 2647 marg).

500 2658 554 2693 ad
578 2658 794 2694 Johannes
821 2659 854 2693 H
886 2658 984 2704 (fort
1025 2669 1151 2694 manu
1178 2658 1400 2704 Hvitfetdit)
1434 2658 1623 2705 Snerling
1656 2660 1804 2696 dictus.
1869 2660 1930 2695 13.
1952 2659 2079 2695 Olaus
2099 2660 2143 2694 H.

507 2715 683 2751 13—‘14
730 2715 1176 2761 Rex..Berengariam
1217 2726 1296 2751 om.
1339 2716 1383 2750 H.
1463 2716 1637 2752 19—20.
1677 2717 1834 2763 incipit.
1886 2716 1969 2752 Rex
2009 2716 2146 2751 emisit

502 2782 553 2807 m.
586 2783 614 2807 s.
649 2772 689 2807 in
724 2773 963 2808 Brunshuic
998 2773 1031 2808 H
1066 2773 1217 2817 (-wiekJ
1250 2772 1288 2807 S.
1360 2772 1423 2808 20.
1457 2773 1651 2808 Otthonis
1685 2774 1723 2809 S.
1793 2774 1856 2808 21.
1889 2774 1939 2808 de
1972 2773 2144 2819 Rip(p)is

502 2828 654 2864 adduci
702 2830 757 2874 H;
803 2830 844 2864 in
886 2829 1073 2875 Angliam
1122 2832 1253 2865 trans·
1293 2829 1479 2875 suppleat
1524 2840 1572 2865 eat
1616 2829 1835 2865 annalibus
1880 2830 1986 2865 Petri
2033 2822 2184 2875 Olai;‘

503 2886 659 2921 tacnnoe
690 2886 854 2932 signum
893 2898 970 2933 pro
1013 2886 1077 2922 his
1111 2886 1248 2932 posuit
1278 2886 1424 2930 Arnas,
1470 2885 1562 2931 fort.
1600 2888 1708 2932 quod
1747 2886 1864 2922 verba
1898 2887 1939 2922 in
1972 2887 2006 2923 C
2045 2886 2083 2924 h.
2117 2887 2142 2924 I.

499 2942 648 2988 scripta
689 2945 952 2979 euanaerant.
1020 2943 1200 2979 Ceterum
1239 2943 1324 2978 Iioec
1355 2942 1494 2978 omnia
1535 2944 1896 2990 (Rex..expensis
1928 2944 2028 2988 suis)
2055 2954 2144 2990 per-

501 2999 630 3034 tinent
659 3000 713 3035 ad
743 3011 901 3036 annum
937 3000 1051 3045 1207,
1084 3011 1168 3036 non
1203 3000 1316 3037 1217.
1377 2999 1439 3036 23.
1474 3000 1599 3037 Ottho
1633 3001 1671 3038 S.
1733 3001 1796 3038 26.
1830 3001 2069 3047 Beringaria
2096 3000 2142 3038 H.

498 3056 629 3092 Jerlin
660 3058 753 3103 (pro
785 3057 935 3103 Jerirm>
969 3058 1014 3093 H.
