2242 3551
426 243 660 276 Exonva
695 244 971 274 MONAsTEml
1005 244 1133 274 CARAE
1167 243 1339 273 1NvaAE
1628 233 1705 274 241

56 364 296 419 episcopus
335 362 393 402 ad
433 359 782 411 monasterium,
831 360 910 400 sed
952 373 1044 400 non
1079 359 1195 399 sicut
1228 359 1514 412 promiserat.
1578 360 1712 400 Venit

57 437 175 479 enim
206 448 312 476 cum
345 438 532 475 centum
565 432 836 486 equitaturis
869 437 911 472 et
943 432 1212 473 cursoribus
1244 432 1468 485 plurimis,
1516 433 1594 472 sed
1628 445 1711 472 nec

58 522 199 551 unum
238 506 416 548 amouit
455 519 480 547 a
521 519 582 558 se,
629 509 672 546 et
709 505 775 546 sic
811 505 910 558 ipse
943 505 1069 558 prior
1102 505 1225 557 rupit
1256 504 1400 545 fedus.
1465 504 1709 545 Familiam

57 585 256 624 nostram
295 578 628 620 nichilominus
670 577 893 619 officiales
933 577 1004 618 sui
1043 590 1171 617 more
1213 577 1348 618 solito
1381 577 1711 625 molestabant·⁷

57 668 161 697 nam
193 653 281 694 illis
313 662 536 704 magnum
562 651 669 692 inde
694 650 909 704 prouenit
933 650 1315 690 emolumentum.
1364 650 1495 690 Vnde
1519 650 1711 690 domino

57 726 209 769 abbati
240 729 282 766 et
313 724 534 766 omnibus
566 723 701 765 nobis
734 722 971 777 displicuit
1000 722 1089 763 tale
1122 722 1254 763 fedus
1287 722 1439 763 inisse.

139 794 375 853 (XXXIII.)
428 797 537 838 Post
568 797 709 838 breue
740 800 925 849 tempus
957 796 1270 837 crebrescente
1302 808 1488 836 rumore
1520 796 1712 836 auribus

57 871 219 914 nostris
264 870 486 921 intonuit,
535 869 818 910 cardinalem
866 869 923 910 de
969 868 1131 910 ordine
1178 872 1335 909 nostro
1383 868 1607 921 legatione
1654 870 1711 909 ad

58 945 245 987 Daciam
277 956 304 985 a
336 943 442 984 sede
475 941 729 996 apostolica
763 941 1055 982 mittendum.
1105 942 1157 982 In
1189 941 1358 994 gaudio
1386 942 1711 992 exultauimus,

57 1020 286 1072 sperantes
327 1016 386 1057 ab
425 1028 479 1057 eo
519 1019 561 1056 et
600 1028 681 1069 per
718 1015 871 1069 ipsum
913 1014 1145 1055 iusticiam
1185 1015 1241 1055 de
1280 1014 1500 1055 omnibus
1532 1014 1713 1067 iniurijs

56 1091 113 1132 ab
144 1089 360 1143 episcopo
393 1088 491 1129 siue
523 1090 579 1129 de
611 1087 713 1128 aliis
745 1088 881 1129 nobis
912 1087 1051 1128 illatis
1083 1087 1406 1141 acquisituros.
1482 1086 1572 1137 Qui
1605 1099 1710 1128 cum

56 1162 334 1214 aduenisset,
386 1161 626 1215 conquesti
674 1173 836 1201 sumus
883 1161 923 1202 ei
970 1160 1189 1201 iniuriam
1237 1164 1441 1200 nostram
1492 1160 1578 1200 suh
1625 1161 1713 1200 hac

55 1236 213 1278 forma.

374 1338 529 1374 Littera
563 1336 764 1373 abbatum
798 1337 972 1373 domino
1006 1336 1211 1372 cardinali
1244 1337 1390 1383 legato.

144 1407 593 1485 »Reuerentissimo
620 1442 667 1482 in
693 1441 875 1483 Christo
908 1441 1025 1495 patri
1058 1454 1112 1482 ac
1135 1442 1327 1482 domino
1354 1442 1432 1492 .G.,
1465 1442 1537 1482 dei
1570 1442 1711 1493 gratia

56 1516 170 1557 tituli
216 1515 362 1557 sancti
410 1514 651 1568 Laurencij
701 1514 955 1568 presbitero
1002 1514 1246 1567 cardinali,
1294 1515 1545 1568 apostolice
1592 1515 1714 1555 sedis

57 1590 219 1642 legato,
272 1588 549 1629 vniuersitas
595 1588 817 1628 abbatum
866 1589 922 1628 de
970 1587 1111 1628 Dacia
1148 1587 1491 1641 ,Cysterciensis
1538 1588 1713 1628 ordinis

57 1661 316 1703 orationum
357 1674 549 1702 suarum
590 1661 862 1713 suffragium
903 1660 1115 1701 salutare.
1179 1660 1297 1701 Cum
1339 1674 1477 1714 super
1509 1661 1713 1701 aduentu

57 1739 206 1775 uestro
238 1735 284 1774 in
316 1745 511 1786 regnum
532 1733 672 1774 Dacie
704 1733 839 1774 nohis
872 1733 1053 1786 plenius
1086 1733 1379 1785 constitisset,
1411 1733 1458 1774 in
1491 1733 1711 1786 gaudium

57 1798 140 1847 nos
178 1806 298 1848 illico
337 1807 536 1848 mutauit
582 1810 818 1860 expectata
858 1806 937 1847 diu
980 1806 1217 1860 presencia
1259 1806 1373 1847 tanti
1413 1806 1570 1860 patris,
1618 1820 1714 1860 spe-

57 1882 205 1920 rantes
236 1879 371 1920 nobis
405 1879 651 1920 miserante
690 1880 882 1920 domino
921 1883 963 1920 et
1002 1885 1155 1920 uestro
1188 1879 1360 1920 auxilio
1394 1880 1625 1921 mediante
1657 1881 1713 1920 de

58 1952 233 2004 magnis
284 1952 664 1993 tribulationibus
718 1956 760 1993 et
811 1953 1113 1993 uexationum
1161 1952 1362 2006 iniurijs,
1419 1966 1535 2006 quas
1590 1953 1713 2006 passi

59 2037 216 2065 sumus
248 2025 562 2079 multipliciter
598 2025 733 2065 annis
772 2025 885 2077 istis,
932 2026 1120 2066 tandem
1162 2026 1415 2079 aliquando
1456 2026 1712 2066 remedium

59 2098 310 2150 prouenire.
389 2098 509 2139 Hinc
555 2102 621 2138 est
667 2097 826 2150 igitur,
873 2099 998 2152 quod
1045 2111 1130 2139 nos
1176 2098 1389 2150 grauium
1436 2099 1712 2139 iniuriarum

61 2170 301 2221 molestias,
335 2184 450 2224 quas
482 2171 644 2211 domui
677 2170 854 2212 ordinis
885 2171 1030 2212 nostri
1062 2172 1117 2211 de
1138 2171 1257 2211 Kara
1279 2171 1435 2211 Insula
1453 2170 1712 2211 Arusiensis

60 2243 300 2298 episcopus
331 2243 565 2295 irrogauit,
612 2244 670 2284 ad
713 2256 846 2284 aures
879 2243 1054 2284 deferre
1087 2243 1372 2297 paternitatis
1405 2247 1554 2284 uestre
1586 2244 1713 2284 lacri-

60 2315 216 2357 mabili
247 2316 538 2371 querimonia
568 2316 713 2370 ipsius
743 2317 943 2358 fraterna
976 2316 1239 2370 compassio
1265 2320 1307 2357 et
1331 2315 1516 2370 proprie
1539 2316 1714 2356 cautele

61 2389 238 2430 occasio
278 2388 389 2442 [nos]
429 2388 678 2442 compellit,
726 2389 848 2443 quia,
897 2388 983 2429 nisi
1020 2393 1240 2442 concepte
1282 2389 1463 2429 malicie
1510 2389 1713 2441 calump-

62 2460 189 2502 niosa
228 2461 484 2514 molimina,
531 2475 620 2516 que
662 2462 886 2502 aduersus
928 2461 1099 2502 dictam
1141 2463 1334 2503 domum
1379 2461 1583 2515 prefatus
1626 2462 1715 2514 epi-

62 2544 226 2587 scopus
247 2547 340 2575 non
364 2535 547 2576 erubuit
570 2547 792 2587 exercere,
825 2534 994 2576 fuerint
1023 2534 1308 2575 auctoritatis
1331 2538 1480 2575 uestre
1504 2534 1714 2574 examine

61 2604 296 2658 refrenata,
342 2607 601 2648 timendum
645 2608 849 2661 profecto
890 2607 1054 2648 exinde
1093 2607 1227 2648 nobis
1268 2607 1363 2658 erit,
1410 2607 1533 2660 quod
1574 2607 1714 2647 huius

63 2680 267 2733 exemplo
315 2680 475 2721 ceteris
521 2680 649 2732 regni
697 2681 837 2721 Dacie
885 2680 1114 2733 episcopis
1169 2680 1308 2720 modo
1365 2679 1503 2720 simili
1557 2683 1712 2720 contra

63 2754 228 2792 ceteras
267 2754 434 2794 domus
475 2753 620 2793 nostri
660 2753 836 2794 ordinis
883 2752 1175 2793 debachandi
1223 2752 1411 2793 materia
1462 2755 1714 2804 generetur,

63 2825 182 2876 quod
228 2825 386 2879 utique
433 2824 523 2866 iam
572 2839 625 2866 ex
672 2827 967 2881 quorundam
1015 2825 1202 2866 illorum
1251 2824 1404 2865 uerbis
1456 2822 1714 2876 minatorijs

63 2896 194 2937 nobis
238 2897 438 2939 innotuit
485 2898 731 2939 euidenter.
816 2898 935 2939 Nam
983 2897 1186 2951 prefatus
1234 2896 1492 2950 episcopus,
1540 2896 1715 2936 indulte

146 3007 181 3042 9.
196 3007 382 3044 exultare
399 3009 441 3044 in
460 3008 632 3055 gaudio:
659 3007 752 3044 Luc.
766 3008 799 3054 1,
815 3008 876 3045 44.
911 3009 974 3044 27.
990 3008 1124 3054 ipsius
1143 3007 1245 3054 (ipi9)
1260 3006 1423 3052 scrip3i3
1444 3006 1498 3053 ipi
1515 3005 1553 3054 (i.
1572 3016 1600 3042 e.
1620 3004 1717 3053 ipsi)

64 3059 125 3098 CS.
186 3064 249 3101 28.
297 3076 374 3102 nos
408 3065 733 3102 maleritemtum
763 3065 938 3111 fortasse
969 3065 1184 3101 delendum
1217 3066 1282 3100 est.
1367 3064 1446 3099 nisi
1482 3062 1715 3109 Lanyebek;

66 3129 87 3153 a
119 3118 180 3157 CS.
254 3121 318 3158 34.
349 3123 432 3158 iam
465 3122 623 3169 scripsi;
671 3125 711 3158 ta
736 3123 873 3167 codex,
909 3124 952 3158 ut
984 3122 1157 3164 videtur-3
1200 3124 1340 3157 tamen
1375 3120 1598 3166 Lanyebelc.

131 3200 231 3230 Script.
254 3202 318 3226 hist.
342 3203 411 3226 Dan.
434 3204 569 3226 minores.
1468 3189 1508 3219 16

1741 1024 1782 1054 10

1742 1453 1781 1483 15

1740 1818 1782 1848 20

1740 2183 1782 2213 25

1741 2549 1783 2579 30

1741 2911 1784 2942 35
