2242 3551
301 245 472 275 PETRvs
504 244 630 274 orm:
668 244 726 273 DE
759 243 932 273 onoma
967 243 1178 273 FRATRVM
1212 243 1421 273 M1NonvM
1614 233 1692 273 291

46 366 365 418 praedicatorum
400 374 452 399 an
485 362 713 406 minorum,
746 363 786 397 et
818 360 1045 397 defendere
1077 360 1227 405 studet,
1260 361 1453 396 ordinem
1483 361 1696 398 minorum

47 426 223 474 priorem
249 432 350 458 esse.
401 421 500 456 Haec
530 419 670 455 omnia
704 422 750 454 ut
782 429 804 454 a
838 429 932 454 meo
966 419 1187 465 proposito
1221 418 1357 454 aliena
1389 419 1533 464 omisi3
1566 430 1695 455 unum

45 485 211 526 tantum,
243 479 358 526 quod
390 478 433 514 in
468 477 535 514 fol.
572 477 669 512 105r
698 476 928 520 inuenitur,
961 476 1031 512 hic
1062 476 1296 523 adponam:

125 586 169 622 In
216 582 358 619 multis
404 581 544 628 libris,
601 581 734 618 eciam
783 579 1109 627 antiquissimis,
1166 579 1369 625 habetur,
1422 580 1537 626 quod
1591 580 1697 616 ordo

42 656 212 693 fratrum
244 652 459 688 minorum
491 651 649 697 incepit
681 661 715 686 a.
742 649 780 686 d.
815 659 923 686 MCC.
975 648 1082 684 Hoc
1114 649 1279 685 eciam
1312 650 1445 686 dicit
1477 649 1695 685 Cronica

43 718 359 769 Danoruml).
420 720 470 756 Et
503 720 573 756 ille
608 730 745 756 annus
778 718 953 763 domini,
992 720 1034 754 vt
1066 720 1181 764 puto,
1220 717 1520 764 intelligendus
1552 722 1614 754 est
1646 719 1697 754 ab

40 792 64 844 (!
93 790 234 829 scriba.
269 790 344 826 vid.
378 787 445 838 de)
485 789 558 825 illo
602 792 806 836 tempore,
855 798 940 834 quo
973 787 1010 823 h.
1044 787 1109 824 Fr.
1152 787 1291 833 primo
1333 788 1444 834 cepit
1477 788 1698 834 degustare

42 862 182 899 diuina
212 863 251 897 et
281 859 334 895 ad
366 859 492 895 deum
526 870 547 894 a
581 858 740 895 mundo
774 856 986 903 conuerti;
1034 859 1073 893 et
1114 856 1175 892 sic
1214 859 1315 892 tunc
1356 858 1398 892 in
1431 858 1525 904 ipso
1558 857 1697 904 lapide

41 928 340 968 fundamentali
394 928 500 964 ordo
557 927 738 964 fratrum
794 927 1007 963 minorum
1064 926 1239 962 inicium
1289 929 1327 962 et
1373 926 1696 963 fundamentum

42 999 208 1046 accepit.
269 997 340 1034 Vel
371 997 611 1043 dicendum,
650 996 765 1044 quod
797 996 866 1032 isti
898 1007 970 1032 sex
1003 996 1102 1031 anni
1135 995 1243 1031 forte
1277 1006 1361 1031 non
1395 999 1698 1042 computantur

41 1071 211 1116 propter
241 1067 508 1114 paucitatem,
540 1067 652 1113 quia,
685 1066 801 1113 quod
828 1065 1042 1101 modicum
1071 1067 1144 1109 est,
1177 1076 1260 1101 non
1289 1068 1522 1112 reputatur.
1569 1065 1698 1109 Idem,

41 1137 151 1185 quod
191 1137 273 1173 iam
317 1137 476 1173 dictum
519 1140 592 1181 est,
638 1135 856 1172 inuenitur
897 1134 1103 1181 scriptum
1138 1134 1189 1170 de
1222 1134 1502 1170 inchoacione
1535 1135 1697 1170 ordinis

41 1207 350 1255 predicatorum
406 1205 508 1250 (scil.
559 1202 691 1254 1200).
783 1204 834 1240 Et
890 1203 1124 1240 concordat
1169 1204 1437 1240 Anthoninus
1494 1207 1613 1250 parte
1661 1214 1696 1240 .1.

41 1275 187 1321 titu(lo)
213 1286 274 1313 ‚vr
305 1276 470 1322 ca(pite)
496 1276 546 1312 .1.
580 1275 602 1320 ξ
627 1285 717 1320 .xv.,
750 1274 821 1310 vbi
853 1273 966 1318 dicit,
999 1273 1116 1320 qnod
1150 1273 1424 1309 Innocentius
1458 1273 1518 1309 3¹¹⁵
1546 1283 1698 1320 appro-

41 1345 154 1381 bauit
193 1345 363 1382 ordines
408 1344 725 1391 predicatorum
760 1346 800 1380 et
830 1343 1045 1379 minorum
1080 1353 1191 1378 anno
1226 1342 1386 1378 domini
1422 1352 1554 1387 .M.cc.,
1601 1342 1698 1377 licet

42 1413 138 1451 alibi
169 1415 270 1451 dicit
300 1414 576 1459 contrarium,
609 1417 650 1450 vt
681 1413 840 1449 dictum
875 1414 947 1448 est.

123 1680 360 1717 Adiciendae
392 1683 490 1716 sunt
523 1680 605 1716 hoc
626 1680 722 1716 loco
745 1679 900 1726 aliquae
923 1678 1283 1715 adnotatiunculae
1307 1678 1357 1713 ad
1383 1678 1510 1714 totius
1534 1678 1696 1714 ordinis

42 1737 269 1783 historiam,
314 1741 359 1774 ut
398 1738 564 1785 opinor,
612 1738 882 1785 pertinentes,
929 1748 1035 1784 quas
1070 1737 1218 1773 Petrus
1251 1736 1342 1771 Oiai
1383 1735 1476 1771 aliis
1517 1736 1621 1771 locis
1654 1737 1695 1772 in

43 1795 106 1831 his
137 1795 247 1832 foliis
279 1796 427 1833 habet:

125 1866 159 1902 1.
205 1872 267 1905 fol.
287 1868 369 1904 106r
393 1872 432 1903 in
459 1871 535 1903 imo
562 1871 745 1913 margine:
792 1865 913 1901 Circa
960 1876 1119 1901 annum
1168 1864 1329 1900 domini
1374 1864 1491 1899 1292.
1544 1863 1695 1899 fratres

43 1934 177 1980 primo
208 1934 450 1971 habuerunt
482 1938 785 1982 procuratores
798 1932 841 1980 2).

126 2003 160 2040 2.
207 2007 388 2043 fol.106V:
433 2004 580 2040 Frater
619 2003 814 2040 Julianus
853 2003 1155 2047 Theutonicus,
1203 2002 1267 2038 vir
1305 2001 1409 2037 mire
1449 2002 1696 2044 sanctitatis,

43 2070 135 2108 fecit
165 2073 364 2109 historias
394 2073 505 2109 beati
540 2073 752 2109 Francisci
786 2076 825 2109 et
859 2073 969 2108 beati
1002 2072 1213 2118 Anthonij,
1260 2074 1299 2106 et
1341 2070 1482 2116 quoad
1525 2073 1694 2106 cantum

43 2143 80 2177 et
110 2142 247 2188 quoad
280 2143 547 2189 antiphonas,
581 2153 728 2178 versus
762 2145 801 2178 et
832 2142 1119 2189 responsoria,
1160 2140 1416 2187 quibusdam
1450 2140 1696 2185 antiphonis
1763 2144 1765 2148 '

43 2210 92 2245 ad
124 2210 359 2257 Magnificat
390 2214 429 2247 et
461 2212 737 2258 responsorio
771 2211 959 2247 Carnis
992 2211 1193 2257 spicam
1211 2208 1239 2254 3)
1273 2208 1467 2253 exceptis.
1531 2209 1580 2244 Et
1619 2208 1697 2244 fuit

43 2281 134 2314 ante
164 2280 399 2326 ingressum
433 2281 633 2327 magister
664 2284 813 2316 cantus
846 2281 887 2315 in
922 2279 1017 2316 aula
1050 2280 1159 2326 regis
1194 2280 1469 2315 Francorum.

126 2427 154 2474 1)
197 2429 391 2466 Suhmius
435 2430 475 2466 in
519 2430 764 2476 praefatione
804 2430 990 2466 editionis
1039 2430 1091 2474 (S.
1128 2429 1173 2466 R.
1208 2429 1268 2475 D.,
1312 2428 1348 2473 V,
1379 2440 1419 2474 p.
1457 2428 1548 2473 511)
1589 2427 1697 2463 hanc

43 2485 273 2523 chronicam
313 2487 391 2524 sibi
422 2489 548 2534 plane
587 2488 772 2534 ignotam
813 2499 895 2524 esse
932 2488 1038 2524 dicit.
1102 2487 1248 2523 Debuit
1289 2486 1485 2532 inspicere
1516 2484 1697 2521 Annales

45 2542 274 2581 Lancienses
305 2549 342 2581 et
371 2545 562 2592 Ryenses‚
599 2546 688 2581 item
722 2545 1204 2582 ChronicamJutensem.
1229 2566 1282 2570 —
1316 2543 1346 2587 2)
1379 2546 1696 2590 procuratores:

45 2600 117 2637 vid.
148 2602 262 2640 Johs.
296 2603 499 2639 Lindbaek
532 2614 570 2649 p.
606 2604 670 2639 52.
716 2625 771 2629 —
819 2602 848 2647 3)
878 2609 994 2650 spica
1037 2603 1096 2639 vel
1135 2606 1242 2649 spita
1279 2612 1355 2647 pro
1388 2601 1504 2647 spica
1537 2600 1698 2645 scripsit

43 2656 179 2695 Petrus
220 2659 327 2705 Olai,
373 2661 536 2708 spicula
584 2661 690 2696 male
730 2661 853 2697 Gram
896 2663 933 2697 et
973 2659 1199 2707 Lanyebelc.
1263 2658 1341 2705 Cfr.
1378 2659 1417 2694 G.
1452 2657 1501 2694 M.
1535 2657 1695 2698 Dreves,

45 2714 232 2753 Analecta
275 2717 493 2764 Hymnica,
544 2718 618 2754 vol.
657 2718 696 2764 V,
740 2729 782 2765 p.
819 2718 981 2764 175-9‚
1031 2717 1100 2753 ubi
1139 2717 1444 2763 responsorium
1491 2714 1701 2751 inuenitur

42 2782 78 2817 p.
98 2773 190 2811 177:
223 2775 370 2811 Carnis
403 2777 563 2823 spicam
596 2779 864 2823 contemptus
898 2787 994 2812 area
1022 2773 1026 2814 Ι
1058 2775 1308 2811 Franciscus
1336 2773 1532 2819 frangens
1556 2775 1696 2808 terens

45 2831 174 2867 terrea
212 2829 216 2870 Ι
251 2833 437 2869 Granum
486 2844 639 2880 purum
689 2845 863 2870 excussa
912 2834 1032 2880 palea
1071 2833 1075 2870 Ι
1116 2833 1275 2868 Summi
1324 2832 1431 2877 regis
1479 2831 1607 2866 intrat
1653 2830 1694 2864 in

45 2886 203 2926 horrea.
241 2888 245 2927 1
286 2890 476 2936 Officium
516 2890 676 2926 Juliani
712 2891 747 2927 d.
782 2891 814 2928 b.
848 2890 1028 2927 Antonio
1060 2890 1258 2925 Patavina
1299 2888 1509 2924 inuenitur
1549 2886 1694 2922 ibidem

42 2954 80 2988 p.
113 2945 285 2984 126—9.
348 2948 407 2984 De
436 2948 606 2984 Juliano
637 2947 819 2994 Spirensi
854 2947 1136 2993 (Theutonico)
1180 2947 1255 2983 vicl.
1290 2946 1333 2982 A.
1369 2946 1694 2991 Bamnyartner:

47 3000 117 3037 Die
153 3004 218 3041 lat.
261 3005 345 3041 und
385 3005 532 3051 yrieclz.
576 3005 798 3041 Litteratur
836 3006 910 3041 der
945 3005 1097 3041 christl.
1140 3004 1289 3047 Vallcer,
1339 3002 1533 3048 Freiburg]
1576 3002 1693 3044 1905,

1419 3123 1488 3154 19*
