2242 3551
440 251 675 280 EXORmVM
709 251 986 282 MONASTERII
1019 253 1148 282 CARAE
1182 253 1355 282 INSULAE
1644 245 1727 284 245

74 368 233 411 ficibus
263 365 502 420 predicari.
567 365 693 406 Licet
724 369 877 407 autem
913 367 970 407 ad
1003 381 1165 409 omnes
1199 371 1353 409 nostre
1389 369 1728 422 compassionis

73 439 449 484 riuulirdebeant
494 438 718 491 deriuari,
775 439 839 480 eis
886 439 1183 493 inpendendo
1230 445 1355 493 grate
1404 442 1727 484 subuentionis

73 513 322 565 munimen,
367 511 458 552 illis
501 515 656 553 tamen
688 512 906 566 precipue
938 513 1106 554 debent
1139 517 1294 554 nostre
1326 514 1523 566 insignia
1557 515 1727 568 porrigi

71 585 281 638 caritatis,
313 584 485 639 quibus
516 597 597 638 per
627 584 863 638 religionis
891 585 1227 639 idemptitatem
1254 600 1416 627 sumus
1441 591 1482 627 et
1508 588 1726 629 unionem

71 657 312 702 coniuncti.
398 658 464 699 Ne
517 657 654 710 igitur
706 657 906 699 aliorum
961 659 1094 712 culpe
1141 659 1366 712 incipiant
1412 673 1510 700 esse
1558 664 1724 713 nostre,

71 731 265 787 expedit,
312 734 361 771 ut
406 743 621 772 excessus
668 732 726 772 ad
773 744 858 772 nos
905 743 1012 772 cum
1062 744 1133 783 ea,
1178 743 1267 786 qua
1316 734 1458 785 decet,
1505 733 1727 785 grauitate

70 805 241 847 delatos
279 816 372 844 non
412 803 731 858 relinquamus
774 804 958 858 penitus
996 804 1298 856 indiscussos,
1345 806 1467 859 quia,
1515 805 1632 858 licet,
1679 806 1726 847 in

69 880 289 932 quantum
324 889 431 918 cum
464 877 551 918 deo
575 881 617 918 et
641 878 881 919 honestate
906 881 1058 918 nostra
1084 878 1352 931 poterimus,
1385 892 1470 920 uos
1497 879 1726 920 honorare

68 951 277 1003 uelimus,
324 950 544 991 nolumus
575 953 731 991 tamen
769 949 936 992 inferre
976 950 1078 1004 alijs
1118 951 1462 1003 detrimentum,
1508 952 1620 992 dum
1661 952 1726 993 eis

67 1024 253 1065 infestos
284 1036 553 1064 ammonere
585 1023 878 1064 obmittimus
907 1023 981 1064 uel
1007 1023 1144 1064 etiam
1169 1024 1425 1065 cohercere.
1476 1024 1725 1066 Prouiden-

68 1096 183 1138 ciam
215 1095 368 1150 itaque
401 1099 603 1136 uestram
642 1100 811 1137 attente
850 1108 1069 1149 rogamus
1109 1101 1151 1138 et
1182 1097 1208 1147 t
1240 1109 1399 1138 secure
1430 1097 1725 1151 requirimus,

68 1180 148 1224 pro
186 1168 326 1210 uestri
365 1169 542 1210 honore
581 1168 786 1210 nominis
830 1170 1124 1211 consulentes
1173 1182 1279 1210 cum
1326 1170 1469 1211 animi
1514 1170 1724 1224 puritate,

67 1241 281 1297 quatinus
314 1242 379 1283 sic
410 1242 466 1283 de
498 1241 723 1295 preteritis
755 1242 937 1296 iniurijs
970 1247 1013 1284 et
1036 1243 1255 1297 dampnis
1277 1243 1416 1284 illatis
1444 1243 1724 1285 monasterio

66 1319 168 1356 ante
205 1314 326 1356 dicto
366 1315 557 1369 eiusque
601 1315 812 1368 personis
854 1315 1118 1357 satisfacere
1166 1316 1421 1370 procuretis
1468 1321 1509 1357 et
1555 1317 1613 1357 ab
1660 1317 1724 1357 in-

66 1386 261 1429 ferendis
299 1387 347 1428 in
387 1392 520 1429 antea
563 1388 807 1441 desistatis,
854 1389 980 1444 quod
1018 1388 1158 1442 ijdem
1199 1389 1345 1430 abbas
1386 1394 1427 1430 et
1466 1393 1725 1431 conuentus

67 1460 239 1502 nullam
285 1465 444 1502 contra
492 1474 577 1502 uos
623 1461 841 1516 deinceps
896 1462 1099 1503 habeant
1152 1462 1394 1503 materiam
1441 1462 1724 1517 querelandi,

66 1534 288 1588 nobisque
335 1534 498 1575 merito
545 1535 767 1586 gaudium
816 1548 871 1576 ex
917 1549 969 1576 eo
1017 1536 1281 1589 proueniat,
1337 1537 1461 1590 quod
1510 1535 1725 1576 uidelicet

65 1607 235 1648 cautele
282 1606 583 1661 prouidencia
633 1611 802 1660 uestre,
859 1608 1048 1650 monitis
1096 1608 1395 1664 acquiescens
1443 1609 1723 1661 salubribus,

66 1684 208 1721 errata
250 1679 434 1733 corrigit
472 1684 514 1720 et
554 1680 707 1733 dirigit
744 1680 980 1722 indirecta.
1045 1682 1216 1722 Datum
1258 1682 1491 1723 Roskildis
1534 1694 1618 1723 .xn.
1655 1682 1722 1722 ΚῘ.

63 1752 201 1807 Junij,
235 1753 530 1807 pontificatus
562 1752 741 1795 domini
774 1753 1022 1796 Clementis
1055 1768 1173 1808 pape
1201 1768 1292 1796 .1111.
1318 1769 1442 1796 anno
1476 1756 1718 1797 secundo«

146 1873 356 1931 (XXXV.)
437 1841 606 1919 Hanc
645 1877 843 1918 litteram
886 1877 1035 1918 dictus
1083 1879 1330 1932 episcopus
1372 1878 1505 1933 quasi
1548 1883 1723 1920 stercus

65 1949 351 2003 contempsit,
383 1949 502 1991 sicut
533 1949 579 1989 in
614 1949 1007 2005 subsequentibus
1040 1951 1224 2005 patebit.

379 2125 535 2162 Littera
567 2127 710 2173 regine
742 2126 795 2162 ad
827 2127 1023 2163 abbatem
1057 2130 1098 2163 et
1129 2130 1402 2165 conuentum.

152 2193 484 2283 »Margareta,
534 2232 606 2272 dei
654 2232 797 2284 gratia
846 2233 1087 2273 Danorum
1137 2233 1504 2287 Sclauorumque
1550 2233 1720 2285 regina,

63 2300 170 2342 viris
206 2302 431 2356 religiosis
465 2303 657 2346 domino
691 2304 848 2346 abbati
881 2309 923 2346 et
955 2305 1206 2346 conuentui
1239 2305 1286 2345 in
1319 2305 1409 2347 ΘΠ]
1444 2306 1639 2347 salutem
1672 2305 1718 2346 in

64 2373 263 2416 domino.
312 2376 628 2417 Intelleximus
651 2377 745 2418 iam
770 2391 929 2432 nuper,
961 2379 1086 2432 quod
1110 2378 1277 2419 dilecto
1304 2378 1438 2419 nobis
1465 2378 1718 2419 uenerabili

64 2446 178 2499 patri
209 2448 400 2490 domino
429 2449 508 2497 .T.‚
541 2450 777 2491 Arusiensi
812 2451 1044 2505 episcopo,
1077 2462 1295 2503 magnam
1329 2451 1719 2492 inhumanitatem

63 2518 274 2573 feceritis,
336 2526 613 2576 apparatum
662 2536 822 2576 suum,
879 2537 1017 2577 quem
1067 2523 1222 2564 multis
1270 2524 1326 2564 de
1373 2523 1632 2565 rationibus
1679 2528 1722 2565 et

64 2594 317 2635 secundum
378 2595 618 2649 antiquam
674 2597 1059 2638 consuetudinem
1122 2600 1468 2638 antecessorum
1527 2611 1718 2639 suorum

64 2664 229 2707 habere
274 2668 516 2709 tenebatur
562 2669 825 2722 annuatim,
872 2670 1022 2710 eidem
1071 2670 1388 2710 inhumaniter
1434 2670 1719 2722 denegando.

65 2736 288 2787 Quocirca
334 2741 623 2782 consulimus
663 2739 675 2797 Η
716 2742 851 2783 uobis
898 2747 939 2783 et
986 2744 1281 2794 mandamus,
1329 2743 1561 2796 quatinus,
1608 2743 1717 2784 dicti

65 2809 238 2852 domini
269 2814 676 2855 mansuetudinem
710 2820 971 2857 reuerentes
1004 2820 1046 2856 et
1078 2816 1225 2857 eidem
1260 2816 1462 2856 debitam
1506 2816 1720 2857 obedien-

65 2882 179 2924 ciam
227 2885 485 2938 exibentes,
544 2887 735 2939 gratiam
786 2889 949 2942 petatis
997 2888 1273 2943 quantocius
1321 2892 1362 2928 et
1408 2888 1495 2929 sibi
1542 2888 1719 2930 faciatis

149 3012 183 3048 4.
230 3014 386 3052 unione‘
424 3016 585 3063 scripsi3
634 3018 789 3054 unione
829 3016 893 3054 CS.
970 3019 1005 3054 8.
1054 3024 1126 3054 ufa
1168 3015 1233 3061 CS,
1273 3017 1443 3053 correxi.
1522 3018 1585 3054 11.
1622 3007 1718 3055 sece

64 3065 102 3115 (ι’.
133 3080 161 3105 e.
192 3070 356 3120 secure)
394 3071 459 3118 CS,
502 3084 653 3119 praue3
699 3075 864 3112 sincere
903 3074 1161 3111 scribendum
1198 3077 1318 3120 puto;
1365 3085 1512 3111 seuere
1552 3075 1721 3112 coniecit

68 3124 286 3172 Lanyebek.
356 3131 542 3167 21Q23:
574 3130 660 3168 Iioec
691 3132 833 3169 omnia
865 3130 1100 3170 rubricator
1126 3131 1271 3180 pinxit.
1336 3132 1397 3168 33.
1432 3131 1618 3169 eibentes
1652 3131 1707 3174 CS

1754 1034 1794 1065 10

1753 1397 1792 1429 15

1750 1764 1792 1795 20

1746 2318 1789 2348 25

1747 2683 1790 2713 30

1746 2754 1819 2785 Fol.
1835 2750 1903 2785 39¹.
