2242 3551
238 2426 311 2458 Fol.
326 2424 398 2459 31&

418 975 459 1006 10

421 1338 459 1369 15

425 2429 467 2459 30

482 193 564 232 21ss
825 203 1100 233 SCRIPTORES
1134 204 1361 233 fflsromAE
1393 205 1571 235 DANICAE
1603 206 1803 234 MINORES

483 317 541 357 ei:
589 317 648 358 ‘Si
688 316 830 370 gratia
863 316 1128 370 hospitandi
1161 318 1301 359 uultis
1334 318 1505 371 uenire,
1548 319 1681 360 uobis
1713 319 1947 360 dabuntur
1979 320 2134 360 onmia

484 389 760 440 necessaria3
808 389 845 429 si
884 401 1025 430 causa
1063 391 1402 443 procurationis
1441 392 1514 431 uel
1552 391 1709 442 debiti,
1757 391 1898 432 nichil
1945 392 2137 433 omnino

483 461 832 502 administratur
878 461 1063 502 uobis'.«
1131 462 1226 503 Illis
1270 463 1584 515 redeuntibus,
1634 464 1846 504 dixerunt
1894 464 1932 505 ei
1980 464 2137 505 omnia

483 534 623 574 uerba
657 534 753 575 hec.
817 534 934 575 Cum
967 535 1172 576 audisset
1203 536 1300 586 hec,
1348 536 1411 577 ait
1447 536 1556 576 illis:
1610 536 1948 587 ›>Reuertimini,
1997 540 2050 586 et,
2100 537 2137 577 si

484 606 618 648 uobis
650 607 759 647 dare
792 607 1050 648 necessaria
1082 608 1326 661 noluerint,
1366 609 1413 649 ui
1446 608 1657 650 auferte«
1725 609 1981 662 Episcopus
2014 608 2137 649 enim

485 683 578 719 erat
610 679 656 718 in
683 679 884 734 Antiqua
910 680 1033 721 Hore
1064 680 1112 721 in
1144 681 1388 736 colloquio.
1438 681 1550 722 Gelu
1583 680 1705 720 enim
1740 681 1997 721 maximum
2030 685 2138 733 erat,

484 752 545 793 ita
579 755 640 804 ut,
672 752 752 806 qui
784 752 921 793 uellet
951 751 1016 792 ire
1049 753 1123 793 uel
1155 753 1359 807 equitare
1391 755 1509 794 ultra
1542 756 1768 805 stagnum,
1802 754 1926 807 quod
1962 755 2036 795 Mo
2069 754 2136 795 sio

485 824 663 868 dicitur,
712 825 978 878 preualeret.
1043 825 1097 865 At
1137 825 1203 865 illi
1245 827 1417 868 reuersi
1451 827 1662 868 dixerunt
1694 826 1849 867 abbati
1883 827 2139 867 secundum

485 897 626 938 uerba
660 897 833 951 priora3
867 901 907 938 et
939 897 1014 938 ille
1046 901 1381 951 consequenter
1412 897 1524 938 dixit
1549 897 1612 938 eis
1643 900 1898 939 secundum
1922 899 1982 950 id,
2015 900 2139 953 quod

485 970 611 1023 prius
645 974 1063 1011 commemoratum
1097 974 1174 1011 est.
1237 971 1377 1024 Ajunt
1407 969 1492 1010 illi:
1537 970 1607 1011 »Si
1639 983 1733 1011 non
1768 971 1905 1012 uultis
1939 972 2060 1023 dare,
2094 971 2140 1012 ui

486 1042 769 1088 aufe1·emus;
818 1055 924 1083 narn
966 1042 1185 1083 dominus
1225 1047 1380 1084 noster
1421 1043 1511 1083 cito
1551 1043 1717 1095 ueniet,
1764 1047 1806 1084 et
1836 1044 1928 1084 iam
1962 1043 2009 1084 in
2042 1057 2141 1097 pro·

485 1114 610 1155 ximo
643 1119 747 1155 est«
809 1114 990 1165 Quibus
1024 1115 1189 1156 abbas:
1230 1116 1309 1156 »Et
1343 1116 1377 1156 si
1412 1115 1458 1156 ui
1490 1115 1691 1167 aufertis,
1726 1117 1901 1156 malum
1935 1119 2140 1156 uestrum

486 1187 739 1228 auferetis«
817 1187 908 1228 Illis
956 1188 1111 1229 adhuc
1157 1188 1453 1242 loquentibus
1501 1188 1629 1228 uenit
1674 1188 1918 1242 episcopus
1966 1192 2141 1228 armata

487 1273 628 1300 manu
661 1259 709 1300 in
741 1260 932 1301 brachio
966 1261 1134 1302 ualido.
1189 1261 1308 1302 Eum
1342 1274 1449 1302 cum
1483 1261 1657 1302 uideret
1688 1261 1831 1301 abbas
1865 1260 2140 1312 uenientem,

488 1332 682 1375 occurrit
721 1333 760 1373 ei
799 1333 856 1373 ad
890 1334 1187 1374 salutandum
1221 1347 1342 1385 eum,
1389 1334 1493 1374 licet
1531 1347 1625 1374 non
1663 1333 1709 1373 in
1752 1334 1889 1374 corde
1928 1333 2140 1386 perfecto.

489 1406 698 1459 Cumque
740 1405 1051 1447 descendisset
1092 1407 1148 1447 de
1187 1419 1319 1460 equo,
1368 1406 1513 1447 toruis
1550 1406 1743 1447 intuitus
1783 1409 1850 1446 est
1888 1405 2142 1447 luminibus

487 1478 534 1518 in
582 1478 811 1530 abbatem,
859 1479 1035 1520 dicens:
1090 1479 1255 1520 »Estne
1301 1479 1431 1520 cibus
1479 1483 1633 1519 noster
1671 1481 1993 1532 prepa1·atus‘?«
2060 1478 2141 1519 Cui

487 1551 652 1592 abbas:
708 1551 878 1592 AEredo
912 1552 1041 1604 bene,
1081 1552 1191 1607 quia
1222 1556 1500 1606 preparatus
1524 1555 1602 1603 est,
1643 1552 1719 1591 sed
1754 1564 1846 1592 non
1879 1551 2026 1592 hinc«
2091 1552 2146 1591 At

487 1623 561 1664 ille
606 1624 890 1665 truculentus
932 1624 1134 1665 extendit
1172 1638 1364 1665 manum
1409 1637 1541 1665 suam
1579 1625 1637 1665 ad
1679 1635 1895 1676 magnam
1937 1624 2143 1669 domum,

489 1709 578 1751 que
610 1696 777 1736 dicitur
807 1698 987 1738 cdomus
1022 1697 1251 1750 episcopi‘,
1298 1697 1475 1738 dicens:
1529 1697 1716 1738 »Nonne
1755 1697 1840 1737 hec
1880 1700 1947 1737 est
1978 1697 2144 1737 domus

491 1771 697 1809 nostra‘2«
752 1770 807 1809 Et
839 1770 1003 1810 abbas:
1043 1770 1285 1810 »Monachi
1319 1770 1462 1810 nostri
1495 1769 1653 1810 dicunt
1687 1782 1787 1809 eam
1822 1782 1918 1810 esse
1952 1770 2144 1809 domum

491 1854 637 1892 suam,
672 1845 713 1881 et
737 1855 829 1882 non
857 1846 1095 1882 uestranm«
1151 1843 1206 1882 Et
1231 1842 1451 1883 contiuuo
1476 1842 1580 1894 legit
1607 1842 1965 1895 appellationem
1999 1854 2147 1889 suam,

491 1917 621 1954 antea
665 1914 845 1955 factam.
910 1914 1013 1964 Qua
1052 1915 1207 1955 audita
1246 1915 1294 1955 iu
1334 1916 1487 1955 surore
1526 1928 1609 1956 suo
1657 1914 1900 1967 episcopus
1940 1913 2146 1954 ascendit

490 1987 658 2038 gradus
691 1988 859 2027 domus
893 1991 933 2027 et
965 1987 1098 2027 dixit:
1138 1988 1257 2028 »Nos
1289 1987 1584 2041 accipiemus,
1617 2000 1705 2041 que
1730 1986 1863 2028 nobis
1889 1986 2145 2027 necessaria

492 2063 634 2100 sunt«
704 2060 757 2099 Et
799 2059 990 2101 accessit
1029 2061 1084 2100 ad
1125 2059 1314 2100 ianuam
1363 2060 1549 2114 capelle,
1597 2059 1809 2113 superius
1854 2059 1984 2111 fregit
2030 2071 2144 2100 eam.

493 2132 608 2173 Cum
656 2133 745 2173 hoc
791 2132 1004 2173 audirent
1043 2132 1275 2183 monachi,
1323 2134 1447 2186 quod
1489 2133 1715 2185 frangeret
1755 2132 1939 2183 ostium,
1988 2130 2146 2172 mussi-

493 2205 650 2245 tabant
683 2205 799 2246 inter
830 2218 894 2246 se:
929 2205 978 2245 ‘si
1012 2206 1150 2245 uellet
1181 2205 1315 2246 nobis
1348 2205 1444 2245 uim
1479 2205 1658 2256 inferre,
1692 2205 1816 2258 quod
1849 2205 2019 2245 uellent
2050 2203 2145 2244 uim

494 2277 537 2317 ui
571 2277 813 2330 repellere'.
877 2278 1012 2328 Quod
1056 2277 1250 2318 audiens
1282 2277 1472 2331 quidam
1505 2278 1697 2319 clericus
1730 2278 1913 2330 hospes,
1960 2276 2146 2317 nomine

492 2350 730 2390 <Iohannes
772 2350 906 2403 Piper
940 2350 1162 2403 Ripensis,
1210 2350 1362 2390 statim
1404 2350 1544 2390 currit
1584 2351 1640 2390 ad
1683 2350 1974 2403 episcopun13
2021 2348 2146 2399 dixit,

495 2423 619 2476 quod
662 2423 879 2464 monachi
922 2423 1091 2463 uellent
1124 2435 1169 2463 se
1200 2420 1211 2475 Η
1241 2422 1366 2475 ipsos
1400 2423 1659 2463 uendicare.
1726 2423 1823 2463 Hoc
1863 2435 1915 2462 eo
1955 2421 2146 2472 dicente,

496 2495 766 2547 pulsabatur
791 2495 939 2536 maior
963 2508 1214 2548 campana,
1248 2508 1354 2535 nam
1389 2494 1514 2547 prior
1538 2494 1722 2536 refectio
1750 2495 1940 2535 fratrum
1965 2497 2146 2547 peracta

496 2571 601 2615 erat,
650 2571 692 2607 et
738 2568 939 2608 secunda
986 2568 1084 2608 fieri
1131 2568 1342 2608 instabat.
1415 2568 1531 2608 Cum
1577 2567 1684 2608 talia
1732 2567 1875 2607 uerba
1922 2566 2059 2606 simul
2106 2568 2147 2606 et

584 2723 704 2758 2—3.
744 2724 937 2767 oiuino(!)
980 2721 1045 2767 CS,
1091 2723 1244 2768 deinde,
1295 2725 1338 2759 ut
1378 2726 1490 2769 puto,
1535 2734 1611 2769 per
1647 2723 1934 2769 compendium
1974 2721 2148 2758 admini-

437 2791 442 2794 ’
481 2784 665 2825 «stratur,
705 2791 787 2816 ηοη
821 2780 1150 2817 administretur.
1229 2782 1262 2816 4.
1296 2781 1373 2816 hec
1403 2778 1457 2816 C8
1484 2791 1560 2826 pez·
1589 2780 1888 2827 compendium,
1938 2790 2020 2815 non
2055 2779 2146 2815 hoe.

498 2838 532 2874 6.
558 2837 659 2873 Gelu
687 2844 754 2874 eni
781 2836 851 2883 Οὓς
883 2838 1027 2873 rectius
1054 2840 1153 2873 esset
1174 2838 1276 2874 Gelu
1304 2843 1355 2873 au
1379 2839 1559 2882 (autem).
1624 2839 1658 2873 7.
1686 2847 1861 2883 sagnum
1881 2834 1945 2873 C8.
2011 2836 2070 2872 13.
2095 2835 2146 2872 ad

498 2895 581 2930 huc
613 2893 677 2939 CS,
711 2896 754 2931 ut
783 2895 940 2941 saepius.
1021 2895 1081 2931 14.
1114 2895 1155 2930 in
1189 2895 1249 2930 br.
1283 2895 1443 2931 ualido:
1477 2894 1548 2940 cfr.
1582 2894 1719 2931 Ezech.
1756 2894 1817 2939 20,
1838 2893 1906 2930 34:
1944 2893 1984 2929 in
2021 2902 2147 2929 manu

498 2951 633 2987 valida
673 2955 712 2988 et
743 2953 783 2987 in
818 2951 993 2988 brachio
1026 2955 1205 2996 extento,
1251 2955 1290 2988 et
1322 2952 1362 2987 in
1397 2952 1540 2987 furore
1572 2952 1717 2988 effuso.
1795 2952 1857 2987 15.
1889 2951 2051 2986 ocurrit
2083 2947 2146 2986 CS.

497 3008 594 3044 licet
624 3010 703 3053 etc„
753 3008 824 3054 cfr.
857 3009 951 3056 Rey.
983 3008 1048 3054 IV,
1084 3009 1146 3054 20,
1167 3008 1210 3053 3,·
1256 3009 1373 3045 Isaiae
1405 3008 1466 3047 38,
1489 3008 1528 3044 3:
1577 3009 1617 3044 in
1659 3009 1832 3044 veritate
1875 3010 1914 3044 et
1946 3008 1986 3042 in
2020 3006 2148 3042 corde

499 3065 695 3112 perfecto.
759 3065 822 3101 26.
856 3066 1114 3102 musitabant
1147 3064 1210 3102 CS.
