2242 3551
421 1728 462 1758 10

484 234 537 272 20
822 243 1095 272 SCRIPTORES
1128 244 1354 272 HISTORIAE
1387 244 1562 272 DANICAE
1594 243 1792 271 MINORES

814 853 1032 898 VETVS
1073 852 1424 899 CHRONJCA
1460 853 1793 898 DANORVM

918 951 994 991 ET
1028 950 1324 991 PRECIPVE
1359 950 1694 991 SIALANDIE.

572 1066 937 1108 A.D.MXXVIII.
1015 1065 1207 1105 Sanctus
1255 1065 1453 1115 manus,
1501 1077 1577 1105 rex
1632 1065 2029 1115 Normannorum,
2083 1064 2129 1103 in

488 1140 747 1181 Stielastath
781 1137 1099 1191 martyrizatus
1132 1141 1216 1187 est;
1263 1138 1317 1177 de
1357 1150 1448 1191 quo
1481 1137 1545 1176 sic
1575 1136 1796 1189 reperitur
1828 1136 1872 1175 in
1907 1135 2128 1188 historijs:

493 1213 637 1252 »Inter
670 1213 805 1261 Knut,
849 1221 999 1262 regem
1035 1210 1286 1259 Danormn,
1327 1213 1369 1249 et
1400 1209 1515 1259 Olef,
1556 1220 1706 1260 regem
1741 1208 2131 1257 Normmmorum,

487 1284 758 1324 continuum
806 1283 977 1323 bellum
1026 1281 1128 1333 fuit,
1186 1294 1268 1321 nec
1320 1281 1525 1321 cessauit
1571 1281 1788 1321 omnibus
1835 1280 1997 1321 diebus
2044 1280 2131 1321 vite

488 1369 662 1407 eorum,
711 1355 852 1395 Danis
884 1367 966 1407 pro
998 1353 1192 1407 imperio
1225 1354 1518 1401 certantibus,
1566 1353 1847 1393 Normannis
1886 1366 1992 1393 vero
2025 1364 2132 1406 pug-

488 1428 705 1468 nantibus
738 1440 819 1480 pro
852 1426 1070 1467 libertate.
1135 1426 1185 1466 In
1225 1439 1315 1480 qua
1348 1439 1394 1466 re
1426 1426 1588 1466 iustior
1620 1425 1734 1466 mihi
1767 1426 1864 1465 visa
1897 1429 1963 1465 est
1994 1438 2132 1465 causa

489 1500 606 1552 olaf,
653 1500 726 1540 cui
768 1500 939 1539 bellum
980 1498 1289 1539 necessarium
1331 1498 1415 1538 fuit
1457 1498 1601 1550 magis
1633 1511 1771 1552 quam
1805 1498 2131 1538 voluntarium.

489 1572 534 1612 Si
574 1572 760 1625 quando
800 1576 981 1624 tempus
1021 1584 1046 1610 a
1087 1571 1311 1611 bellorum
1356 1571 1557 1611 motibus
1604 1571 1810 1623 quietum
1858 1573 1965 1621 erat,
2011 1569 2132 1609 idem

489 1644 599 1685 Olaf
625 1644 795 1684 iudicio
828 1648 869 1683 et
899 1643 1079 1683 iusticia
1109 1654 1301 1694 regnum
1333 1643 1618 1694 gubernauit.
1678 1643 1847 1682 Dicunt
1878 1655 1983 1682 eum
2016 1641 2132 1682 inter

490 1720 636 1756 cetera
668 1716 888 1756 virtutum
920 1728 1057 1769 opera
1090 1726 1307 1767 magnum
1348 1716 1495 1756 zelum
1535 1715 1607 1755 dei
1638 1715 1869 1765 habuisse,
1917 1718 1965 1753 ut
1998 1714 2133 1754 male-

490 1788 601 1828 ficos
633 1788 687 1828 de
718 1792 836 1828 terra
869 1788 1167 1840 disperderet3
1201 1800 1398 1841 quorum
1431 1800 1624 1827 numero
1650 1799 1755 1827 cum
1781 1791 1872 1827 tota
1900 1786 2133 1827 barbaries

576 1904 817 1940 Mzeditio
849 1905 971 1940 Arnae
998 1904 1171 1950 Magnaei
1204 1904 1372 1950 (Lipsiae
1404 1915 1438 1940 a.
1477 1904 1608 1949 1695),
1639 1904 1827 1940 codicem
1849 1904 2131 1939 Hauniensem

488 1961 566 2011 (C),
611 1962 682 2008 qui
714 1961 908 1997 incendio
948 1962 1046 1997 anni
1083 1962 1188 1997 1728
1230 1961 1363 2007 periit,
1409 1962 1659 2007 exprimens.
1736 1961 1768 1997 C
1811 1961 2044 2007 scripturas
2076 1961 2133 1995 ibi

491 2019 622 2063 attuli,
654 2019 724 2054 ubi
757 2019 888 2054 Arnas
921 2030 963 2054 se
996 2029 1064 2054 eas
1097 2022 1280 2054 mutasse
1312 2018 1425 2055 dixit.

577 2076 610 2111 H
634 2090 678 2107 z
700 2075 831 2111 codex
863 2076 1249 2119 Stockholmiensis‚
1287 2078 1374 2111 Ant.
1407 2076 1526 2112 Arch.
1560 2075 1685 2111 Catal.
1719 2076 1767 2119 ΙΙ,
1809 2076 1996 2120 signatus
2030 2075 2060 2110 Κ
2098 2075 2132 2110 3.

491 2133 547 2177 (in
581 2133 708 2169 Catal.
744 2132 948 2168 Molbech.
982 2144 1047 2169 no.
1084 2134 1133 2177 8).

577 2189 604 2225 S
627 2205 670 2220 z
694 2190 882 2236 Systema
923 2190 1139 2236 Stephanii
1181 2191 1244 2234 (z
1268 2189 1398 2225 codex
1433 2189 1691 2236 Upsaliensis
1730 2200 1778 2224 ex
1810 2188 1978 2225 Collect.
2010 2189 2060 2224 de
2091 2188 2129 2223 la

492 2247 654 2291 Gardie,
701 2257 766 2283 no.
805 2247 995 2291 25—29).
1058 2247 1192 2282 Huius
1233 2247 1389 2282 codicis
1428 2247 1659 2293 scripturas
1700 2247 1755 2282 ibi
1797 2249 1957 2281 tantum
2001 2245 2131 2289 attuli,

492 2304 562 2339 ubi
595 2304 645 2339 ab
679 2304 713 2339 H
747 2304 997 2350 discrepant.
1060 2304 1217 2339 Minitni
1260 2304 1457 2339 momenti
1501 2304 1693 2339 codicum
1727 2313 1892 2339 errores
1924 2303 2129 2349 quosdam

491 2361 687 2396 consulto
720 2361 854 2397 omisi.

575 2415 789 2464 Inscriptio
822 2418 863 2453 in
898 2418 994 2453 MH:
1045 2417 1195 2464 Incipit
1226 2417 1434 2452 Chronica
1469 2418 1514 2454 D.
1549 2421 1588 2454 et
1620 2429 1658 2464 p.
1696 2418 1731 2453 S.

580 2475 612 2510 1.
655 2476 772 2510 Anno
806 2474 975 2510 Domini
1006 2484 1179 2510 M.xxvnl
1204 2489 1246 2504 z
1274 2474 1377 2509 1028
1413 2475 1466 2519 H;
1514 2475 1554 2510 in
1598 2473 1854 2521 sequentibus
1894 2484 2053 2519 semper
2092 2473 2133 2508 in

466 2539 472 2543 ‘
493 2530 567 2566 hoc
591 2531 735 2576 codice,
768 2531 918 2567 omisso
935 2532 1053 2567 Anno
1074 2531 1251 2575 Domini,
1282 2533 1438 2566 tantum
1467 2531 1629 2568 numeri
1653 2531 1794 2576 nostri,
1827 2541 1926 2577 quos
1943 2529 2134 2565 Arabicos

494 2598 635 2623 vocare
665 2588 850 2634 solemus,
884 2587 1138 2633 adhibentur,
1181 2588 1439 2633 sin9ulorum
1472 2599 1677 2624 annorum
1710 2588 1827 2624 rebus
1858 2586 2133 2633 suprascripti.

492 2644 539 2679 In
572 2645 599 2680 S
630 2644 833 2681 scribitur:
880 2646 998 2681 Anno
1033 2645 1199 2681 Domini
1231 2654 1416 2689 Mxxvnl,
1456 2647 1492 2680 et
1527 2645 1714 2681 similiter
1743 2655 1910 2690 semper,
1955 2643 2134 2679 numeris

494 2701 692 2737 Romanis
738 2700 939 2738 adhibitis.
983 2723 1037 2728 —
1085 2702 1203 2738 1—2.
1250 2701 1377 2737 olaus
1404 2731 1410 2737 .
1439 2731 1444 2737 .
1471 2702 1690 2738 Sticlastad
1741 2703 1785 2737 H.
1877 2701 1910 2737 3.
1960 2701 2133 2736 Knud..

495 2758 604 2793 Oleff
646 2759 692 2794 H.
770 2758 973 2803 3—-21‚7.
1021 2760 1196 2795 Inter..
1225 2758 1366 2804 religio
1412 2769 1461 2794 ex
1505 2759 1657 2794 Adami
1698 2757 1929 2794 Bremensis
1975 2756 2039 2793 lib.
2088 2756 2134 2792 II.

493 2825 579 2860 cap.
600 2815 651 2850 55
681 2814 749 2863 (57
774 2815 861 2851 edit.
885 2814 1146 2863 Schmeidler)
1175 2817 1337 2860 sumpta
1371 2818 1477 2860 sunt,
1507 2815 1650 2861 paucis
1681 2815 1858 2859 mutatis,
1891 2813 2132 2860 quibusdam

495 2872 665 2908 omissis.
727 2873 762 2908 4.
795 2883 877 2907 non
912 2873 1093 2908 cessauit
1125 2873 1172 2908 H.
1243 2872 1361 2908 6-7,
1395 2872 1544 2908 iustior
1575 2876 1713 2908 tamen
1747 2884 1780 2908 v.
1813 2883 1845 2907 e.
1880 2882 1913 2907 c.
1949 2870 2060 2906 Olaff
2088 2870 2133 2905 H.

496 2930 529 2964 7.
564 2929 693 2974 magis
726 2939 803 2964 om.
836 2929 870 2965 C
901 2931 1046 2975 (magis
1078 2929 1154 2965 fuit
1179 2929 1313 2964 Arnas
1344 2939 1393 2963 ex
1416 2928 1586 2973 Adam.)
1649 2930 1684 2965 8.
1720 2930 1759 2964 Si
1792 2928 1961 2974 quando
1995 2930 2131 2963 autem

494 2988 518 3020 t.
550 2985 692 3021 Adam.
770 2986 803 3021 9.
844 2986 955 3022 Olaff
996 2984 1068 3034 (sic
1107 2984 1269 3034 soepius)
1306 2985 1352 3020 H.
1428 2986 1536 3021 inter
1576 2987 1612 3021 Μ
1653 2983 1847 3033 (Adam.);
1895 2987 2048 3031 praeter
2087 2984 2134 3018 H.

498 3043 557 3077 10.
592 3042 767 3077 malefici
799 3053 839 3078 o:
877 3043 1158 3089 ‘Sejdmaend'3
1205 3043 1317 3078 uaria
1350 3053 1488 3077 eorum
1520 3053 1668 3088 genera
1698 3042 1805 3087 infra
1838 3041 1900 3086 21,
1920 3041 1944 3076 2
1975 3051 2135 3075 enume-

494 3101 649 3134 rantur.
717 3101 777 3134 11.
812 3101 862 3135 de
895 3103 1003 3135 terra
1036 3100 1308 3146 disperderet,
1339 3098 1409 3143 cfr.
1442 3099 1555 3134 Iosue
1586 3099 1651 3137 lib,
1685 3098 1749 3141 23,
1770 3098 1831 3142 13,
1865 3099 1914 3133 al.
