2242 3551
462 242 521 270 DE
553 241 834 270 EXPVLsmNE
866 241 1079 270 FRATRVM
1112 240 1321 270 ΜῙΝοΒνΜ
1636 231 1719 270 343

61 370 225 398 eorum
248 355 510 408 diligentius
535 356 783 396 obseruare
806 358 861 407 et,
890 354 1018 395 finita
1045 368 1183 408 super
1207 355 1473 408 sepulcrum
1496 355 1721 396 concione

63 430 271 478 fratrum,
297 442 375 469 eos
401 441 482 469 sua
509 428 656 469 heresi
682 428 938 468 molestare.
982 427 1182 479 Contigit
1206 427 1328 467 enim
1356 428 1511 480 semel,
1536 428 1720 469 modico

64 501 212 542 diuini
235 501 363 542 verbi
388 514 600 541 sermone
626 501 799 553 habito,
824 500 979 554 ipsum
1005 500 1259 540 hereticum
1284 500 1471 541 fratrem
1488 501 1721 542 Jacobum

59 573 470 626 vieeguardianum
510 574 567 614 ad
608 577 789 627 portam
833 573 1013 613 cenobii
1047 572 1222 613 sectari.
1288 573 1391 623 Quo
1424 586 1531 614 cum
1564 586 1721 626 perue-

62 646 237 687 nissent
254 646 393 687 ambo
412 646 563 698 simul,
590 645 769 696 rogauit
786 646 1014 687 hereticus
1033 645 1253 685 Nicolaus
1271 645 1458 686 fratrem
1476 646 1721 698 Jacobum,
1748 655 1766 685 5

58 719 174 773 quid
213 722 331 760 esset
369 719 678 772 penitenciam
716 730 861 771 agere.
925 719 1068 759 Porro
1111 717 1248 758 frater
1277 718 1482 759 Jacobus
1515 731 1566 759 os
1598 731 1721 759 com-

61 792 238 845 pressit,
282 795 408 832 ratus
446 791 689 843 indignum
728 791 805 832 tali
839 791 999 832 rabule
1031 790 1199 831 frustra
1239 792 1537 844 respondere,
1585 791 1722 832 sciuit

57 864 199 916 enim,
245 864 385 920 quod,
425 863 647 918 quicquid
679 864 1006 917 respondisset,
1046 864 1200 917 ipsum
1233 863 1402 904 suatim
1436 863 1482 904 in
1516 865 1722 918 calump-

61 937 187 977 niam
227 949 577 978 conuersurum.
641 937 895 990 Respondit
934 936 1071 989 igitur
1112 936 1339 977 hereticus
1381 937 1477 989 ipse
1510 937 1597 977 sibi
1631 938 1720 991 ipsi

58 1010 175 1050 illud
223 1009 491 1050 Paulinum:
561 1010 710 1051 »Sicut
763 1009 1035 1050 exhibuistis
1092 1009 1301 1049 membra
1349 1013 1499 1050 vestra
1547 1010 1719 1050 seruire
1747 1020 1788 1052 10

59 1082 363 1123 immundicie
411 1086 452 1122 et
497 1082 727 1123 iniusticie
774 1083 831 1122 ad
878 1082 1191 1135 iniquitatem,
1247 1081 1308 1122 ita
1362 1081 1454 1122 iam
1509 1082 1720 1122 exhibete

58 1155 267 1195 membra
314 1159 463 1195 vestra
511 1155 683 1196 seruire
730 1155 909 1196 iusticie
954 1155 1002 1195 in
1049 1154 1463 1195 sanctificationem
1512 1159 1618 1195 etc«
1666 1178 1720 1183 —

65 1228 259 1280 »Quid,«
309 1227 460 1281 inquit
506 1228 643 1268 frater
687 1228 915 1280 JacobuS,
970 1229 1084 1269 »hoc
1131 1230 1224 1268 est‘?
1279 1227 1491 1281 Audite,«
1552 1227 1614 1267 ait
1660 1228 1719 1268 ad

56 1313 223 1341 omnes
268 1300 638 1341 circumstantes:
701 1301 772 1342 »Si
820 1301 896 1342 hic
943 1301 1162 1341 Nicolaus
1209 1300 1439 1341 hereticus
1485 1304 1575 1341 tres
1622 1300 1719 1341 dies

55 1374 326 1427 ¹expenderit
355 1373 403 1413 in
435 1374 650 1427 crapulas
681 1387 788 1415 cum
822 1378 986 1426 scorto,
1019 1374 1153 1414 debet
1185 1377 1227 1414 et
1259 1373 1375 1414 alios
1407 1377 1498 1414 tres
1526 1373 1573 1414 in
1601 1386 1720 1427 pane
1747 1383 1789 1414 15

56 1450 103 1486 et
133 1459 268 1500 aqua,
300 1450 348 1487 vt
378 1443 583 1500 ipsellmet
614 1446 762 1499 refert,
799 1447 1048 1500 penitendo
1081 1446 1326 1487 ieiunare.«
1392 1446 1528 1496 Quod
1560 1449 1717 1487 tamen
1742 1449 1870 1485 fol.8'.

58 1518 106 1559 in
145 1531 257 1559 aure
296 1532 389 1559 non
427 1519 593 1572 placite
637 1520 805 1572 sonuit,
853 1532 907 1560 eo
948 1520 1073 1572 quod
1114 1519 1205 1560 alio
1246 1519 1467 1560 tendisset
1507 1532 1719 1560 sermone

54 1591 151 1643 illo,
197 1604 339 1645 quam
386 1605 478 1645 quo
526 1592 747 1645 peruenit.
811 1592 940 1633 Stetit
982 1592 1119 1644 igitur
1159 1592 1235 1632 ille
1274 1592 1504 1632 hereticus
1549 1592 1718 1632 rubore

57 1664 278 1716 suffusus,
305 1664 493 1717 inscius,
525 1678 616 1720 qua
643 1666 831 1719 stropha
857 1678 883 1706 a
907 1666 1087 1718 prolato
1112 1678 1325 1705 sermone
1349 1678 1447 1705 sese
1471 1664 1717 1718 expediret.

57 1736 248 1777 Interim
280 1737 577 1790 guardianus,
623 1738 761 1779 frater
794 1738 973 1779 Gabriel
1005 1737 1208 1789 nomine,
1256 1738 1345 1778 hoc
1383 1737 1503 1778 intra
1536 1741 1717 1791 portam
1745 1746 1787 1777 20

54 1809 253 1850 audiens
287 1810 439 1862 exiuit,
486 1822 668 1863 rogans,
710 1811 1016 1865 quamobrem
1049 1823 1156 1851 cum
1189 1810 1435 1863 insipiente
1468 1814 1510 1850 et
1542 1810 1717 1852 furioso

56 1882 260 1923 heretico
307 1883 373 1923 sic
419 1883 646 1924 conferret
690 1884 924 1937 predictus
971 1883 1109 1924 frater
1153 1883 1372 1924 Jacobus.
1435 1883 1570 1923 Tales
1612 1895 1718 1935 ergo

59 1955 294 1995 molestias
336 1959 379 1996 et
418 1956 629 1997 conuicia
670 1970 810 2010 quam
851 1956 1052 2010 plurima
1089 1956 1187 2009 ipse
1227 1956 1431 2009 prefatus
1474 1955 1717 2007 hereticus,

54 2039 165 2067 cum
207 2028 303 2069 suis
344 2029 635 2082 sequacibus,
681 2029 901 2070 fratribus
939 2033 982 2069 et
1022 2028 1318 2082 potissimum
1351 2028 1555 2081 predicto
1588 2028 1727 2069 fratri*

55 2100 235 2141 ‚Iacobo
275 2104 482 2154 tempore
523 2101 663 2155 pestis
701 2102 749 2142 in
787 2101 1012 2142 cimiterio
1044 2105 1202 2142 nostro
1234 2100 1400 2148 intulit,
1445 2100 1600 2153 ipsum
1640 2089 1717 2141 ali·
1743 2107 1786 2138 25

54 2174 247 2225 quando
293 2174 603 2227 seductorem,
659 2174 911 2229 aliquando
965 2187 1126 2215 cecum
1181 2177 1223 2214 et
1277 2174 1502 2214 obdurate
1549 2174 1715 2214 mentis

56 2245 298 2286 hominem
339 2250 575 2298 vocantes3
621 2247 719 2301 ipse
756 2251 911 2288 tamen
951 2260 1145 2300 semper,
1193 2246 1353 2287 diuina
1396 2246 1435 2287 ei
1475 2246 1716 2287 assistente

55 2319 225 2370 gracia,
271 2319 509 2359 veritatem
548 2324 702 2373 aperte
742 2320 977 2373 professus
1010 2320 1107 2360 fuit.
1170 2319 1384 2360 Ceterum
1427 2331 1533 2359 cum
1574 2319 1715 2360 semel

54 2389 106 2430 ‘in
145 2391 346 2444 predicte
385 2393 508 2433 vrbis
547 2405 677 2433 sacra
717 2393 813 2444 ede,
860 2405 1026 2445 nempe
1066 2391 1213 2433 sancti
1254 2391 1448 2444 Georgii,
1496 2392 1543 2431 in
1583 2391 1716 2432 Dedi-

56 2463 260 2504 cacionis
301 2464 508 2505 eiusdem
555 2478 682 2506 sacre
721 2466 819 2506 edis
861 2466 989 2518 festo,
1036 2465 1160 2506 idem
1198 2465 1351 2506 bonus
1390 2468 1531 2518 pater,
1578 2464 1716 2504 frater
1741 2470 1784 2501 30

52 2535 277 2587 Jacobus,
323 2537 625 2579 concionatus
663 2538 889 2591 intrepide
928 2538 1167 2579 veritatem
1206 2538 1261 2578 de
1300 2537 1390 2577 fide
1422 2541 1465 2577 et
1496 2536 1715 2590 operibus

59 2607 231 2661 fuisset,
262 2609 394 2651 finito
427 2623 638 2651 sermone
670 2624 776 2652 cum
810 2611 1000 2651 ianuam
1028 2623 1155 2651 sacre
1181 2610 1278 2650 edis
1303 2609 1509 2650 eiusdem
1535 2609 1713 2660 exisset,

56 2680 177 2721 alius
232 2681 422 2735 quidam
470 2682 718 2736 hereticus,
773 2683 998 2724 Vrnarius
1047 2682 1345 2735 cognomine,
1400 2681 1514 2723 alias
1562 2682 1715 2722 Hanss

56 2752 415 2806 Spandemager,
446 2751 457 2809 Η
488 2759 696 2808 apostata
728 2755 784 2796 de
816 2755 1011 2796 cenobio
1043 2755 1285 2808 hospitalis
1318 2754 1471 2795 Sancti
1504 2753 1713 2806 Spiritus,
1740 2763 1802 2795 fol.
1818 2760 1866 2795 SV.

148 2937 182 2972 8.
206 2938 416 2984 sua(p)tim
432 2952 477 2969 Ξ
493 2949 571 2974 suo
595 2949 713 2974 more
734 2939 878 2985 (praue
898 2949 976 2985 pro
1002 2938 1090 2973 suis
1115 2947 1233 2973 more
1256 2936 1478 2982 accipitur).
1531 2938 1593 2973 10.
1610 2937 1715 2974 illud

61 2992 307 3030 Paulinum:
342 2994 516 3031 Roman.
550 2995 585 3040 6,
605 2995 667 3033 19.
756 2995 898 3032 mebra
932 2995 996 3039 W,
1026 2994 1096 3030 sed
1123 2994 1251 3040 paulo
1279 2995 1373 3040 post
1401 2995 1484 3039 (12)
1516 2995 1715 3039 menbra;

62 3050 252 3086 membra
298 3050 444 3097 uquue
483 3052 567 3097 BC,
613 3052 722 3099 quod
763 3051 951 3099 proefero.
1032 3053 1092 3087 17.
1142 3051 1293 3097 placite
1337 3052 1412 3099 W3
1460 3051 1625 3098 placide
1669 3053 1712 3089 K.

56 3106 125 3143 20.
158 3107 365 3144 Gal...el
396 3109 471 3157 W3
504 3110 636 3155 suppl.
668 3109 752 3147 BC.
