2242 3551
468 233 526 261 DE
558 233 842 261 EXPvLsioNE
874 233 1086 261 FRATRVM
1119 233 1329 262 MINORVM
1642 224 1722 262 357

71 348 278 400 fratrum,
325 347 590 400 impetrauit
629 346 687 386 ab
726 346 804 397 eis,
853 350 897 387 vt
943 360 1021 387 sex
1067 347 1283 400 precipue
1322 347 1377 388 de
1422 347 1639 388 fratribus
1678 348 1724 387 in

71 420 246 473 prefato
285 423 518 461 conuentu
557 423 859 470 remanerent,
907 419 993 459 sub
1032 419 1122 459 hiis
1168 423 1321 460 tamen
1365 420 1724 472 conditionibus,

70 496 116 533 vt
155 505 248 533 non
290 492 573 532 celebrarent
612 490 792 543 missas,
839 503 924 531 nec
963 491 1155 531 verbum
1190 493 1260 531 dei
1294 493 1595 545 predicarent,
1642 506 1725 533 nec

71 565 127 604 ad
167 565 389 605 terminos
429 564 602 605 exirent
642 567 924 604 conuentum
965 576 1049 604 nec
1087 565 1144 604 ad
1185 565 1375 617 opidum
1412 565 1509 605 sine
1542 566 1723 605 licentia

70 637 257 690 speciali
305 635 674 688 Burgimagistri,
730 636 1058 689 neminemque
1112 637 1167 677 de
1222 638 1394 689 populo
1441 638 1486 677 in
1535 638 1723 692 antiqua

69 709 291 750 laudabili
337 709 671 750 consuetudine
718 712 877 749 contra
924 708 1171 749 factionem
1214 710 1572 751 Lutheranicam
1619 723 1723 751 con-

69 781 302 834 fortarent,
349 794 434 823 nec
471 781 786 822 confessiones
824 781 1050 822 audirent.
1114 782 1200 822 Sed
1239 782 1347 835 quia
1388 795 1505 823 vnus
1538 783 1722 823 illorum

68 867 145 895 sex
177 855 490 907 predictorum
523 854 717 894 fratrum
759 851 984 907 (videlicet
1015 854 1273 895 antedictus
1306 855 1444 895 frater
1477 855 1724 896 Seuerinus

67 927 246 980 Jacobi)
286 927 465 968 audiuit
497 927 544 967 in
576 928 680 967 40⁰¹²¹
713 926 1027 967 confessiones
1059 927 1258 967 duarum
1292 940 1611 980 personarum,
1655 941 1724 968 ex-

68 1000 230 1053 pulsus
263 1004 329 1041 est
360 1012 467 1041 cum
500 1000 673 1040 ceteris.
736 999 824 1039 Alii
856 1012 964 1040 vero
997 999 1158 1040 fratres
1190 1000 1246 1040 de
1278 1005 1510 1040 conuentu
1546 1000 1723 1054 expulsi

68 1077 175 1112 sunt
219 1085 274 1113 ac
319 1072 524 1126 sibiipsis
570 1071 759 1121 dimissi,
802 1084 925 1112 anno
973 1072 1165 1124 domini,
1213 1076 1259 1113 vt
1305 1085 1458 1125 supra,
1508 1074 1630 1124 1531,
1678 1073 1723 1112 in

68 1145 328 1186 ebdomada
362 1146 535 1186 Letare.

154 1218 266 1258 Item
300 1219 573 1269 notandum,
610 1218 734 1271 quod
767 1217 913 1258 littere
950 1217 1282 1258 testimoniales
1315 1231 1453 1271 super
1484 1231 1722 1259 conuersa-

67 1290 189 1331 tione
222 1290 414 1331 fratrum
447 1290 620 1331 ibidem
647 1290 877 1331 habentur
895 1290 1130 1331 Roskildie
1153 1303 1259 1331 cum
1289 1290 1448 1341 sigillis
1481 1291 1722 1343 guardiani

67 1366 109 1403 et
140 1367 410 1405 conuentus.

152 1433 163 1489 ΙΙ
209 1436 321 1476 Item
370 1437 492 1476 bona
539 1436 737 1477 alienata
794 1449 872 1476 seu
929 1440 1110 1488 recepta
1166 1437 1221 1476 de
1267 1436 1442 1489 prefato
1489 1441 1721 1478 conuentu

68 1508 427 1561 Halmstadensi,
460 1509 740 1549 restituenda
773 1521 878 1549 cum
912 1513 1118 1562 tempore
1151 1509 1378 1561 promissa
1412 1511 1482 1551 &fa

153 1581 269 1622 Sunt
299 1583 384 1622 hec
417 1581 675 1636 sequentia:

81 1699 83 1702 .
153 1653 309 1695 Primo
343 1655 572 1695 Gerardus
602 1655 757 1707 Olaui,
789 1655 1148 1706 Burgimagister
1179 1655 1306 1708 opidi
1341 1656 1723 1708 Halmstadensis‚

66 1739 189 1767 anno
232 1727 409 1768 domini
452 1728 574 1768 1530.
617 1731 722 1768 ante
761 1728 922 1768 Natale
960 1727 1139 1768 domini
1184 1728 1355 1781 recepit
1400 1729 1622 1770 violenter
1668 1730 1723 1768 de

66 1804 299 1840 conuentu
332 1799 507 1853 prefato
541 1800 731 1841 calicem
764 1801 1053 1852 deauratum,
1100 1814 1238 1854 quem
1282 1805 1410 1854 pater
1448 1802 1545 1842 eius
1579 1801 1723 1843 Olaus

67 1872 186 1912 Petri
218 1876 395 1925 partem
428 1873 553 1913 dedit
584 1873 855 1923 conuentui3
889 1873 967 1927 qui
992 1873 1189 1926 scriptus
1213 1887 1306 1914 non
1333 1879 1428 1914 erat
1452 1874 1499 1914 in
1519 1875 1723 1926 Registro

65 1945 219 1996 regali,
266 1945 374 1998 quia
408 1949 553 1986 mater
585 1946 806 1998 eiusdem,
854 1950 965 1986 tunc
1005 1947 1325 1999 superuiuens,
1373 1960 1554 2000 semper
1591 1947 1722 1987 illum

67 2017 287 2070 exigebat,
335 2018 372 2058 si
414 2031 497 2071 pro
537 2018 699 2058 diuino
740 2019 865 2058 cultu
914 2032 1100 2059 manere
1148 2032 1240 2059 non
1286 2023 1453 2072 posset,
1501 2032 1583 2072 pro
1630 2032 1724 2072 quo.

66 2090 200 2130 datus
232 2090 391 2131 fuerat.
427 2095 504 2132 etc.

153 2164 265 2204 Item
312 2163 435 2204 idem
485 2164 716 2205 Gerardus
755 2163 893 2205 Olaui
941 2164 1117 2216 accepit
1166 2177 1301 2204 vnam
1350 2165 1541 2216 curiam,
1588 2164 1722 2204 sitam

66 2236 185 2276 circa
210 2236 499 2277 cemiterium
524 2240 782 2277 conuentus
802 2236 858 2276 ad
878 2241 1102 2290 austrum,
1130 2249 1270 2289 quam
1291 2237 1427 2277 frater
1447 2238 1722 2278 Laurentius

68 2309 387 2362 Byldtzmand,
434 2309 718 2360 gum-dianus
758 2308 970 2361 existens,
1018 2309 1108 2349 emi
1150 2309 1255 2350 fecit
1293 2322 1376 2362 pro
1409 2314 1594 2350 centum
1628 2313 1722 2350 sei<-

66 2381 219 2433 aginta
242 2382 421 2422 marcis.
457 2382 596 2422 Istam
622 2382 875 2435 predictam
901 2382 1078 2422 curiam
1103 2382 1247 2423 voluit
1273 2382 1475 2435 prefatus
1494 2382 1723 2423 Gerardus

65 2454 235 2494 habere
280 2454 328 2494 in
374 2466 726 2508 recompensam
766 2467 849 2507 pro
890 2454 1082 2495 dimidia
1124 2454 1265 2505 curia,
1312 2468 1452 2508 quam
1493 2454 1573 2495 diu
1615 2459 1719 2495 ante

66 2526 234 2578 legauit
267 2539 397 2567 soror
431 2527 528 2568 eius
561 2540 643 2580 pro
676 2531 911 2567 conuentu
944 2530 1101 2567 nostro
1137 2527 1493 2568 Halmstadensi.

153 2660 188 2695 3.
221 2659 315 2695 Post
345 2660 496 2696 missas
529 2659 563 2696 C
597 2670 723 2695 unam
753 2660 956 2705 paqinam
990 2659 1135 2695 habuit
1161 2670 1333 2706 prorsus
1365 2660 1516 2703 eadem,
1567 2670 1656 2706 quae
1690 2661 1722 2696 Β

66 2715 197 2763 habet,
237 2717 533 2764 continentem3
579 2717 648 2752 sed
679 2716 788 2752 hanc
817 2717 953 2752 Arnas
990 2716 1094 2752 1726
1125 2717 1280 2762 deleuit,
1330 2719 1365 2752 et
1396 2719 1491 2752 ante
1522 2728 1611 2753 eam
1645 2719 1721 2753 ΐνιά

63 2772 184 2818 folia,
231 2785 306 2810 sua
354 2785 483 2810 manu
528 2775 698 2820 scripta,
748 2774 934 2819 inseruit,
983 2785 1073 2820 quoe
1119 2774 1212 2810 inde
1257 2786 1281 2809 α
1327 2773 1521 2811 vocabulo
1572 2775 1723 2810 missas

65 2828 115 2877 (v.
148 2829 189 2878 3)
227 2831 369 2867 omnia
409 2831 564 2877 reliqua
606 2830 823 2876 continent,
871 2841 961 2876 quae
1001 2831 1041 2866 in
1083 2831 1135 2866 W
1177 2832 1374 2877 quuntur.
1453 2832 1516 2867 11.
1558 2832 1721 2867 dimissi

66 2889 128 2930 (z
150 2888 300 2933 relicti)
332 2889 494 2934 scripsi3
527 2888 653 2924 diuisi
686 2889 747 2923 W.
827 2889 887 2924 12.
920 2888 1152 2925 ebdomada
1186 2889 1333 2924 Letare
1365 2889 1429 2931 W,
1460 2905 1503 2919 z
1529 2890 1714 2925 19-25.

67 2944 216 2991 Martij.
296 2946 357 2982 14.
406 2945 900 2985 Roskil.„s:Roskildie
932 2946 1001 2990 W,
1051 2946 1262 2981 Roskildis
1308 2947 1353 2990 B,
1399 2957 1423 2981 α
1466 2957 1545 2992 quo
1587 2945 1724 2984 codice

68 3002 222 3048 reliqua
255 3002 398 3039 omnia
430 3002 580 3038 absunt
606 3004 757 3048 proeler
787 3002 930 3038 ultima
964 3001 1103 3038 verba:
1140 3003 1226 3039 Hec
1258 3003 1307 3039 de
1341 3007 1554 3040 conuentu
1581 3004 1723 3039 Halm-

67 3059 263 3096 stadensi.
341 3060 402 3096 15.
450 3063 686 3096 conuentus
733 3059 799 3095 ἃᾶ.
839 3059 902 3095 W.
986 3060 1047 3096 17.
1097 3060 1307 3106 promissa
1351 3061 1417 3097 &fa
1466 3061 1570 3097 Sunt
1611 3061 1721 3106 WC,

67 3117 297 3161 promissa,
346 3120 444 3152 sunt
492 3117 535 3154 K.
629 3117 692 3153 21.
741 3116 986 3152 deauratam
1037 3117 1069 3152 K
1116 3128 1260 3154 errore..
1353 3118 1416 3154 22.
1456 3121 1564 3165 ptem
1613 3118 1721 3163 WC;

71 3171 122 3208 K:
156 3173 306 3220 corrig.
341 3174 556 3220 partim?

1752 1009 1792 1040 10

1751 1369 1791 1400 15

1748 1442 1809 1474 fol.
1826 1438 1896 1474 22¹.

1750 1737 1793 1768 20

1750 2100 1792 2131 25

1746 2464 1788 2496 30
