2242 3551
512 233 746 264 EXORmVM
779 234 1058 264 MONASTERII
1090 235 1219 265 οιΑ-ΒΔΕ
1252 235 1424 264 INSVLAE
1714 226 1789 264 171

138 352 306 393 litteras
339 349 455 402 regis
488 353 529 390 et
561 349 885 403 episcoporum
921 353 962 390 et
994 350 1188 404 loquens
1218 349 1500 391 sufficienter
1527 351 1582 392 de
1607 351 1793 392 instanti

139 423 338 476 negotio;
385 422 671 476 receptisque
713 422 771 463 ab
812 435 865 463 eo
905 422 1064 463 litteris
1104 423 1160 462 ad
1202 434 1353 475 regem
1391 427 1432 463 et
1465 423 1706 477 episcopos
1740 425 1794 464 de

137 496 433 539 translatione
465 495 652 537 claustri
685 495 756 536 sui
788 495 846 536 ad
880 495 1075 549 patriam
1109 495 1376 536 festinanter
1408 496 1644 537 remeauit.
1705 497 1793 547 Qui

137 583 241 612 cum
282 570 476 610 domum
515 568 731 621 uenisset,
778 568 965 609 tradidit
1003 569 1094 621 regi
1142 572 1184 609 et
1222 568 1448 622 episcopis
1498 569 1667 610 litteras
1707 569 1793 609 sihi

137 643 342 684 directas.
1820 655 1839 684 5

835 728 933 775 Cap.
965 728 1094 767 XIIII.

139 809 291 846 Littere
323 809 484 846 domini
517 809 740 857 apostolici
772 809 824 845 ad
848 818 987 855 regem
1014 809 1065 846 de
1088 809 1373 846 translacione
1396 809 1584 846 eiusdem
1609 809 1794 846 claustri.

229 875 519 955 Alexander
551 915 810 968 episcopus,
858 928 1020 955 seruus
1060 927 1302 955 seruorum
1336 913 1422 965 dei,
1470 914 1715 955 karissimo
1748 915 1794 955 in

139 987 319 1031 Christo
367 987 462 1028 filio
501 987 814 1040 Waldemaro,
861 987 1027 1028 illustri
1076 988 1315 1028 Danorum
1359 987 1465 1039 regi,
1512 988 1707 1027 salutem
1755 992 1795 1028 et

137 1060 438 1115 apostolicam
472 1060 854 1102 benedictionem.
918 1060 1055 1111 Quod
1095 1060 1255 1100 diuina
1288 1060 1430 1112 gratia
1463 1059 1716 1114 inspirante
1749 1061 1794 1101 in

138 1133 382 1175 deuotione
430 1133 550 1175 beati
593 1134 713 1175 Petri
760 1138 802 1175 et
841 1138 997 1175 nostra
1037 1132 1251 1174 consistis
1298 1137 1340 1174 et
1386 1133 1624 1185 religiosos
1670 1134 1795 1175 uiros
1824 1143 1864 1174 10

138 1208 313 1248 honore
359 1207 528 1261 pariter
575 1203 617 1248 et
662 1207 806 1260 gratia
854 1206 1022 1259 satagis
1069 1206 1311 1260 preuenire
1365 1210 1408 1247 et
1461 1206 1524 1247 eis
1572 1220 1706 1260 opem
1755 1211 1797 1248 et

138 1280 344 1321 fauorem
376 1279 545 1321 intuitu
578 1280 759 1334 pietatis
791 1279 1037 1334 impendis,
1069 1279 1324 1333 plurimum
1357 1279 1627 1332 gaudemus,
1660 1284 1715 1331 et,
1748 1284 1795 1320 ut

137 1353 184 1393 in
230 1354 320 1394 hoc
363 1353 446 1394 tibi
492 1353 833 1407 perseuerantie
879 1353 1097 1394 uirtutem
1145 1353 1382 1405 concedat,
1429 1352 1707 1393 altissimum
1756 1357 1797 1393 et

138 1421 501 1480 omnipotentem
534 1426 779 1468 dominum
813 1423 992 1481 delluota
1025 1425 1361 1480 supplicatione
1394 1438 1595 1466 oramus.
1648 1426 1795 1479 Speci-
1821 1428 1959 1464 Fol.9v.

138 1498 267 1541 aliter
298 1503 452 1540 autem
485 1499 718 1541 serenitati
748 1503 825 1541 tue
857 1499 1024 1552 gratias
1057 1498 1288 1551 digniores
1329 1499 1627 1551 exsoluimus,
1670 1500 1793 1553 quod
1822 1506 1864 1537 15

137 1572 373 1625 religiosos
406 1573 545 1626 uiros,
578 1576 619 1613 et
650 1572 890 1626 presertim
923 1573 1139 1614 abbatem
1173 1576 1215 1612 et
1246 1571 1407 1612 fratres
1440 1571 1705 1625 monasterij
1739 1573 1795 1612 de

139 1646 291 1698 Calue,
333 1646 619 1687 clementiori
662 1646 796 1687 oculo
836 1645 1026 1699 respicis
1058 1658 1228 1700 eosque
1260 1645 1446 1698 diligere
1479 1649 1520 1686 et
1552 1644 1642 1685 illis
1673 1649 1796 1697 grate

137 1719 465 1761 consolationis
498 1719 759 1761 subsidium
793 1719 1001 1760 conferre
1033 1719 1109 1773 pia
1141 1718 1436 1759 miseratione
1465 1718 1680 1770 dignaris.
1730 1719 1796 1759 Ex

113 1783 226 1846 *qua
260 1806 306 1833 re
338 1796 591 1833 sementem
625 1792 735 1833 boni
767 1791 933 1846 operis,
973 1805 1115 1847 quam
1146 1791 1193 1832 in
1227 1791 1290 1832 eis
1325 1791 1575 1843 seminasti,
1616 1795 1657 1832 te
1690 1804 1796 1832 cum

138 1865 441 1920 multiplicato
496 1865 647 1907 fructu
702 1865 1053 1906 recollecturum
1107 1865 1204 1906 fore
1257 1864 1558 1911 confidimus,
1623 1868 1664 1906 et
1718 1865 1798 1905 tibi
1824 1874 1866 1904 20

138 1938 300 1979 exinde
332 1938 475 1979 felicis
507 1938 822 1979 retributionis
856 1938 1086 1991 premium
1120 1937 1364 1991 prouenire
1397 1950 1490 1978 non
1515 1937 1796 1978 dubitamus.

138 2011 281 2064 Vnde,
327 2011 435 2065 quia
477 2011 645 2053 decens
686 2015 753 2052 est
791 2015 834 2051 et
873 2015 949 2052 tue
989 2010 1252 2052 celsitudini
1300 2010 1505 2051 noscitur
1542 2011 1796 2051 admodum

140 2085 401 2137 conuenire,
450 2089 511 2137 ut,
559 2088 733 2140 quanto
767 2084 871 2138 pius
904 2088 947 2125 et
979 2084 1240 2125 misericors
1273 2083 1492 2124 dominus
1524 2087 1566 2123 te
1598 2083 1799 2137 amplius

140 2157 410 2198 sublimauit
457 2158 504 2198 in
551 2158 683 2199 terris
730 2161 772 2198 et
818 2158 865 2198 in
912 2157 1063 2198 altiori
1111 2157 1255 2209 gradu
1302 2156 1548 2197 collocauit
1594 2151 1800 2208 honoris,

139 2233 264 2270 tanto
302 2231 518 2272 attentius
559 2230 776 2284 operibus
819 2231 989 2272 debeas
1020 2230 1256 2270 intendere
1295 2229 1476 2283 pietatis
1519 2233 1560 2270 et
1599 2241 1665 2280 ea,
1712 2242 1800 2283 que
1826 2239 1869 2269 25

142 2302 227 2343 sibi
275 2304 562 2358 beneplacita
610 2308 717 2344 sunt
763 2308 804 2345 et
852 2304 1071 2358 perfecta,
1123 2302 1301 2343 ardenti
1348 2302 1574 2343 desiderio
1623 2306 1801 2355 satagas

140 2375 406 2430 adimplere,
451 2377 623 2430 regiam
656 2376 969 2418 excellentiam
1003 2362 1173 2430 <ΐιιαιῃ>
1206 2387 1436 2427 rogamus,
1485 2389 1728 2416 monemus
1762 2379 1802 2415 et

141 2449 438 2490 exhortamur
478 2450 524 2490 in
565 2450 770 2501 domino,
818 2449 1038 2504 quatinus
1077 2449 1123 2489 in
1163 2448 1410 2489 deuotione
1454 2448 1573 2489 beati
1608 2448 1726 2488 Petri
1762 2451 1804 2488 et

140 2525 309 2573 nostra,
343 2522 460 2563 sicut
492 2523 608 2563 bene
641 2522 814 2576 cepisti,
847 2522 1041 2562 firmiter
1074 2534 1338 2576 perseueres
1371 2525 1413 2561 et
1437 2521 1603 2562 honori
1636 2521 1804 2574 pariter

142 2598 183 2634 et
223 2595 489 2636 exaltationi
529 2595 665 2636 unice
709 2595 868 2636 matris
901 2599 990 2647 tue,
1038 2598 1329 2636 sacrosancte
1362 2595 1568 2635 Romane
1601 2593 1802 2644 ecclesie,
1830 2603 1871 2634 30

142 2666 310 2709 deuoto
342 2669 479 2709 corde
512 2672 554 2709 et
585 2680 700 2722 pura
734 2671 886 2709 mente
918 2667 1144 2709 intendas.
1209 2668 1418 2708 Preterea
1453 2666 1803 2707 translationem

143 2740 425 2794 monasterij,
468 2754 607 2795 quam
642 2742 698 2781 de
730 2741 832 2782 loco
865 2741 922 2781 ad
956 2740 1099 2781 alium
1132 2741 1286 2781 locum
1321 2740 1555 2793 predictus
1587 2739 1730 2780 abbas
1763 2742 1805 2778 et

142 2811 302 2854 fratres
341 2813 611 2855 auctoritate
644 2813 923 2855 uenerabilis
955 2813 1107 2854 fratris
1140 2812 1283 2854 nostri
1317 2812 1494 2864 Eskilli,
1543 2810 1804 2852 Lundensis

143 2885 501 2940 archiepiscopi,
556 2890 597 2927 et
653 2886 979 2940 episcoporum
1026 2890 1143 2927 terre
1191 2889 1234 2926 et
1279 2897 1471 2925 assensu
1517 2888 1597 2924 tuo
1644 2883 1804 2924 fecisse

144 2962 417 3011 noscuntur,
479 2971 660 3000 necnon
708 2962 751 3000 et
796 2958 1146 3009 concambium,
1208 2958 1332 3012 quod
1385 2961 1537 2998 tecum
1586 2956 1803 3005 fecerunt,
1831 2965 1872 2996 35

232 3061 295 3097 11.
346 3061 508 3097 honore
555 3062 811 3108 praevenire:
875 3060 1050 3097 Roman.
1102 3061 1165 3103 12,
1204 3059 1264 3097 10.
1379 3060 1442 3095 27.
1490 3062 1603 3095 tuam
1651 3058 1803 3094 addidi.

148 3116 325 3154 27—28.
357 3128 568 3165 rogamus.
598 3116 661 3155 l'et
693 3119 979 3155 exhortamur.
1010 3115 1256 3154 l“monemus
1290 3117 1335 3153 C.
