2242 3551
308 305 373 335 fol.
390 301 455 335 lsss.

417 995 455 1024 10

418 1357 457 1387 15

310 1497 372 1528 fol.
388 1494 457 1528 lssv.

413 1720 456 1750 20

483 174 564 213 352
826 184 1102 213 scmPTossEs
1135 184 1364 213 MSTORIAE
1396 184 1575 213 DANICAE
1606 185 1806 215 MINORES

767 298 873 351 Cap.
906 299 1002 339 VII.
1034 295 1046 352 Ιξ
1078 299 1150 339 De
1184 298 1479 340 Conuentu
1512 299 1862 351 Alburgensi.

576 370 742 448 Anno
783 405 961 446 domini
1000 405 1247 446 millesimo
1294 406 1664 460 quingentesimo
1710 406 1946 458 trigesimo
1993 420 2140 460 perse-

484 482 616 519 cutus
648 477 732 518 fuit
764 478 954 530 quidam
988 479 1202 531 petulans
1234 479 1476 525 hereticus,
1510 478 1634 518 filius
1666 478 1843 519 domini
1875 480 2028 532 Magni
2047 480 2139 521 Goe

484 551 646 591 satoris
678 551 818 590 totius
851 551 960 590 mali
993 550 1062 602 (—
1095 551 1246 604 qualis
1278 555 1418 604 pater,
1465 552 1567 592 talis
1606 555 1648 591 et
1687 551 1810 591 filius
1844 549 1925 605 —-),
1973 565 2139 605 nempe

483 624 702 663 dominus
727 623 861 663 castri
880 623 1192 676 Alburgensis,
1209 624 1386 665 ‘fratres
1419 623 1623 664 minores
1649 628 1906 664 conuentus
1933 624 2139 665 eiusdem

483 695 800 746 Alburgensis,
849 696 1056 736 Absolon
1104 697 1214 737 Gfoe
1262 696 1471 747 nomine,
1520 696 1599 749 qui
1646 696 1842 737 diuersis
1889 697 1974 737 viis
2022 697 2140 750 cepit

482 767 699 808 fratribus
743 768 963 809 insidiari.
1027 769 1183 810 Prino
1226 769 1349 810 enim
1387 769 1568 821 rogauit
1607 773 1781 822 patrem
1816 770 2138 821 guardianum,

483 841 667 881 fratrem
703 841 933 881 ιΙοειωθῐι]
969 841 1255 894 Christierni,
1302 847 1347 882 vt
1395 842 1433 883 ei
1476 841 1658 895 copiam
1701 842 1867 883 faceret
1908 842 2139 882 frumenta

483 913 684 966 ponendi
732 913 778 952 in
826 915 1029 967 quodam
1079 914 1349 955 monasterii
1395 915 1539 954 nostri
1582 915 1764 955 solario.
1835 916 2139 955 Postmodum

484 999 589 1026 vero
623 986 741 1038 cepit
773 986 997 1039 paulatim
1030 987 1142 1027 alias
1176 987 1357 1028 cenobii
1390 989 1558 1028 domus
1591 1000 1818 1041 occupare
1850 992 1891 1028 et
1924 988 2139 1027 victualia

483 1059 545 1099 eis
586 1059 808 1099 violenter
851 1059 1042 1100 auferre.
1108 1060 1222 1117 Cum
1274 1061 1396 1100 enim
1445 1061 1585 1100 semel
1632 1060 1790 1100 fratres
1837 1064 1998 1113 potum
2046 1073 2136 1100 non

484 1131 719 1171 modicum
743 1130 1134 1186 decoquissenffl),
1168 1137 1412 1186 essentque
1443 1134 1490 1173 in
1523 1146 1651 1173 sacra
1685 1134 1767 1173 ede
1799 1133 2009 1173 diuinam
2041 1146 2137 1172 rem

482 1203 660 1255 facturi,
694 1204 814 1244 serui
848 1205 945 1245 eius
978 1209 1125 1245 totum
1159 1210 1318 1259 potum
1347 1218 1494 1258 nuper
1521 1207 1761 1246 decoctum
1787 1218 1867 1245 seu
1893 1206 2138 1246 braxatum

482 1276 529 1316 in
562 1276 797 1317 cellarium
833 1277 930 1317 eius
963 1278 1247 1328 detulerunt3
1297 1280 1577 1331 tandemque
1614 1278 1865 1319 identidem
1899 1278 2059 1318 fratres
2092 1278 2138 1317 in

484 1353 660 1389 tantam
693 1350 953 1401 angustiam
980 1351 1165 1403 redegit,
1197 1355 1243 1391 vt
1268 1351 1342 1391 vix
1367 1351 1590 1391 haberent
1612 1351 1834 1403 angulum
1858 1350 1905 1391 in
1929 1350 2138 1402 cenobio,

484 1422 528 1461 in
563 1434 655 1475 quo
688 1422 1045 1475 requiescerent3
1093 1423 1264 1477 quibus
1303 1423 1431 1464 omni
1470 1423 1542 1464 die
1585 1424 1784 1464 maiores
1816 1423 1971 1463 intulit
2002 1423 2139 1464 mole-

485 1494 607 1534 stias
670 1494 870 1534 Abstulit
900 1497 1085 1536 tandem
1113 1494 1125 1549 Η
1156 1496 1394 1549 baptillam
1430 1497 1485 1537 de
1518 1509 1759 1549 campana,
1793 1509 1849 1537 ne
1881 1496 2140 1549 pulsaretur

484 1567 541 1606 ad
582 1567 967 1608 conuocationem
1008 1569 1181 1622 populi,
1228 1569 1481 1623 circuitque
1520 1569 1803 1609 cemiterium
1844 1582 1951 1609 cum
1994 1568 2138 1608 seruis

483 1639 599 1690 suis,
647 1643 796 1679 erecto
844 1641 1152 1692 processionis
1198 1642 1378 1682 vexillo.
1465 1641 1674 1695 Denique
1721 1646 1824 1695 post
1868 1641 2136 1681 innumeras

485 1711 720 1752 molestias
752 1716 793 1752 et
825 1713 1079 1754 derisiones
1112 1714 1271 1754 fratres
1305 1727 1468 1754 omnes
1499 1714 1543 1754 vi
1576 1715 1750 1767 expulit
1781 1716 1837 1755 de
1869 1714 2075 1755 cenobio.

718 1919 826 1973 Cap.
860 1920 980 1961 VIII.
1045 1921 1117 1961 De
1151 1921 1445 1962 Conuentu
1481 1921 1908 1961 Randrusiensi.

575 1993 740 2068 Anno
781 2027 958 2068 domini
992 2040 1215 2077 .M.1).xxx.,
1262 2032 1366 2081 post
1405 2028 1651 2069 innumera
1693 2028 1910 2068 scandala
1944 2028 2134 2067 fratrum

483 2103 524 2139 et
555 2100 788 2140 molestias
822 2100 1147 2151 hereticorum,
1182 2112 1287 2140 cum
1323 2101 1518 2152 Magnus
1552 2100 1675 2153 Gisse,
1709 2100 1931 2140 simultim
1965 2103 2008 2139 et
2039 2111 2138 2152 pro-

569 2212 602 2245 4.
653 2210 795 2245 satoris
835 2211 964 2246 totius
1004 2210 1104 2245 mali
1152 2210 1276 2256 (qual’
1317 2217 1366 2257 pf:
1399 2212 1462 2247 tat
1494 2211 1526 2246 ἃ
1565 2211 1623 2256 fi9)
1654 2210 1800 2246 habuit
1834 2209 1900 2254 W,
1944 2209 2013 2245 sed
2051 2208 2138 2244 Izaec

480 2267 622 2302 omnia
657 2266 774 2302 verba
807 2267 954 2303 deleuit
985 2268 1039 2314 D3
1086 2267 1127 2302 in
1160 2268 1193 2302 Β
1225 2267 1361 2303 Arnas
1391 2269 1625 2314 scripserat:
1662 2269 1674 2303 t'
1689 2297 1798 2304 .....
1818 2266 1952 2303 ernali
1983 2265 2136 2315 (qualis

484 2327 602 2369 pater
632 2324 726 2359 talis
759 2328 797 2360 et
823 2324 962 2369 filius),
994 2325 1102 2370 quod
1128 2324 1169 2360 in
1193 2324 1226 2360 C
1256 2335 1367 2360 anno
1392 2325 1500 2362 1726
1531 2325 1585 2361 ita
1618 2325 1810 2360 mutauit:
1843 2324 1984 2360 fautor
2008 2324 2135 2359 totius

484 2381 580 2416 mali
612 2383 664 2427 (q.
693 2393 732 2427 p.
759 2385 784 2417 t.
811 2393 843 2417 e.
870 2381 930 2426 f.);
962 2381 1134 2417 factoris
1168 2381 1202 2417 K
1234 2382 1340 2431 leyit,
1372 2384 1500 2418 cetera
1533 2384 1576 2418 at
1603 2382 1750 2419 Arnas.
1810 2382 1871 2427 (In
1905 2382 1957 2417 W
1989 2379 2136 2427 aliquis

480 2438 636 2482 pallido
668 2441 898 2474 atramento
929 2450 1054 2485 supra
1089 2438 1207 2474 verba
1240 2439 1366 2474 deleta
1397 2439 1632 2485 scripserat:
1668 2439 1873 2476 ...totius
1899 2439 1996 2475 mali
2021 2437 2135 2484 quod

483 2498 799 2541 tu1n...gestu;
846 2499 941 2531 ante
979 2496 1065 2531 hoec
1101 2496 1237 2531 Arnas
1277 2496 1419 2532 fautor
1459 2497 1742 2542 adscrIpserat,
1789 2499 1827 2532 et
1863 2495 1937 2531 sub
1984 2494 2136 2531 ultimis

485 2552 630 2588 verbis:
662 2553 800 2599 qualis
833 2556 964 2599 pater,
996 2553 1092 2589 talis
1124 2556 1164 2588 et
1196 2553 1335 2601 filius).
1399 2554 1433 2589 6.
1466 2554 1650 2590 Absolon
1681 2554 1771 2589 WB
1803 2556 1841 2590 et
1869 2563 1919 2588 ex
1948 2563 2049 2589 corr.
2084 2552 2133 2595 ῦς

482 2609 664 2645 Absalon
684 2610 767 2646 CK.
830 2612 866 2647 8.
889 2610 1090 2646 frumenti
1116 2611 1149 2646 K
1174 2621 1318 2646 errore.
1381 2611 1417 2647 9.
1443 2611 1645 2646 solarium
1663 2626 1707 2642 z
1728 2611 1885 2647 »Loft«.
1949 2610 2011 2646 17.
2038 2609 2134 2655 bap-

454 2664 459 2668 ”
484 2666 570 2702 tilla
593 2667 669 2711 (vel
690 2668 835 2703 rectius
857 2668 1073 2713 baptillus)
1100 2669 1157 2703 est
1176 2667 1294 2702 claua
1317 2678 1543 2713 campanoe,
1576 2679 1656 2715 qua
1675 2669 1877 2713 pulsatur,
1914 2667 2132 2703 ‘Knebeln

486 2724 547 2759 18.
593 2725 856 2760 cemiterium
902 2735 1003 2760 corr.
1053 2725 1106 2773 K3
1154 2725 1419 2761 cemitorium
1462 2726 1553 2761 WB
1595 2727 1631 2761 et
1667 2736 1716 2761 ea:
1753 2736 1854 2761 corr.
1895 2724 1948 2769 C3
1995 2723 2135 2760 coemi—

483 2780 634 2816 terium
677 2781 723 2819 C.
802 2783 865 2818 20.
905 2782 955 2817 de
994 2782 1172 2818 cenobio
1212 2782 1279 2818 &a
1316 2782 1382 2818 W.
1466 2783 1530 2819 22.
1577 2783 1751 2818 domino
1800 2782 1834 2818 K
1879 2791 2013 2817 errore
2052 2783 2131 2827 typ.

484 2838 682 2873 scandala
723 2839 797 2874 (iel.
839 2840 884 2882 D,
931 2839 1103 2875 restiluit
1131 2838 1266 2874 Arnas
1309 2839 1349 2875 in
1385 2839 1469 2876 BC.
1549 2840 1699 2886 23—p.
1734 2840 1882 2883 353,1.
1916 2833 2078 2889 sit-ltim
2102 2837 2133 2873 ἅ

485 2905 561 2939 pro
593 2898 727 2930 tector
757 2896 796 2932 h.
821 2897 852 2931 ἃ
875 2896 899 2932 i.
929 2897 969 2932 h.
1004 2895 1147 2931 habuit
1177 2896 1242 2939 W,
1279 2896 1347 2932 sed
1378 2896 1525 2932 deleuit
1554 2896 1640 2932 haec
1669 2896 1811 2932 omnia
1844 2896 1896 2942 1);
1945 2896 2136 2942 quattuor

486 2951 627 2986 ultima
661 2951 779 2988 verba
813 2953 896 2989 iam
928 2953 1100 2989 restituit
1124 2951 1259 2988 Arnas
1291 2953 1333 2989 in
1367 2953 1452 3002 BC,
1485 2954 1554 2989 sed
1586 2954 1627 2989 in
1655 2952 1974 3000 praecedentibus
2004 2954 2040 2988 et
2071 2951 2134 2986 ille

484 3009 521 3042 et
546 3008 578 3042 K
604 3019 628 3042 a
655 3019 746 3044 vero
771 3008 1037 3054 aberrarunt;
1068 3010 1203 3045 Arnas
1234 3010 1466 3055 scripserat:
1500 3011 1536 3046 M
1578 3011 1636 3055 G.,
1667 3010 1808 3046 fautor
1839 3012 1878 3045 et
1910 3013 2133 3056 patronus;

486 3063 543 3099 K:
590 3065 715 3101 simul
756 3069 870 3102 tutor
910 3067 942 3102 ἃ
982 3070 1247 3113 procurator,
1294 3067 1370 3103 vel:
1417 3067 1666 3104 simultanee
1705 3071 1744 3104 et
1785 3069 2012 3114 protector,
2057 3065 2133 3101 hoc

485 3120 645 3166 quictem
679 3123 832 3159 rectius.
