2242 3551
541 247 600 275 DE
634 247 824 277 ESKILLO
858 249 914 277 ET
948 251 1138 280 PATRVIS
1172 251 1270 279 EIVS
1656 240 1730 279 441

74 363 266 416 sepelire
308 366 535 403 curarent.
611 362 767 416 Itaque
814 365 1119 405 commissum
1169 365 1256 405 sibi
1304 366 1527 418 populum
1579 366 1736 406 diuine

73 435 362 489 prouidentie
409 435 740 487 reconsignans
788 440 829 476 et
877 436 999 477 bona
1051 437 1330 490 sempiterna
1379 438 1468 478 illis
1516 439 1734 479 omnibus

73 509 332 561 inprecans,
380 508 672 561 presentibus
716 508 861 548 eciam
906 509 1183 550 valefaciens
1216 523 1269 551 ac
1303 511 1593 560 benedicens,
1642 510 1738 552 feli-

73 581 183 622 citer
215 580 502 621 obdormiuit
534 580 579 620 in
614 581 818 622 domino.
870 582 1157 636 Factumque
1185 588 1251 623 est
1283 597 1308 624 a
1341 584 1533 625 domino
1566 586 1737 637 grande

73 654 367 704 miraculum,
408 657 457 693 ut
495 653 706 707 desiderij
750 654 821 694 sui
862 658 1115 708 compotes,
1156 656 1544 708 peregrinacionis
1577 657 1737 698 itinere

73 731 412 779 consummato,
462 726 886 780 peregrinacionem
934 740 1119 781 quoque
1158 728 1382 781 presentis
1424 730 1542 783 exiiij
1588 730 1738 771 termi-

73 803 250 852 narent,
296 800 359 840 ita
406 804 455 840 ut
501 800 640 841 ambo
689 800 827 840 simul
875 813 967 841 vno
1014 800 1060 840 in
1110 800 1211 841 loco
1259 805 1394 855 atque
1438 816 1526 843 vna
1570 803 1643 844 die
1683 804 1737 844 de

74 874 250 914 mundo
285 873 534 925 migrarent
565 873 798 927 simulque
830 873 877 913 in
911 886 1053 913 vnum
1089 873 1257 925 locum,
1302 874 1381 914 ubi
1424 876 1736 927 decreuerant,

73 945 243 987 sublati
276 946 563 999 sepulturam
596 946 868 999 acciperent.
934 946 1078 987 Porro
1112 946 1286 999 prefata
1327 948 1582 1000 ecclesiola,
1630 962 1735 989 cum

71 1023 204 1060 antea
246 1019 402 1060 breuis
441 1031 495 1059 ac
533 1019 725 1060 ruinosa
772 1019 945 1071 fuisset,
994 1019 1231 1060 solotenus
1272 1023 1338 1060 est
1381 1034 1554 1074 euersa,
1602 1026 1643 1062 et
1683 1023 1737 1062 de

74 1092 339 1134 elemosinis
379 1092 604 1146 ipsorum,
653 1105 767 1145 quas
807 1096 996 1145 propter
1035 1093 1125 1133 hoc
1156 1092 1309 1146 ipsum
1345 1093 1517 1134 ibidem
1552 1094 1738 1148 copiose

74 1166 356 1218 delegarunt,
401 1165 447 1205 in
495 1165 771 1219 ampliorem
820 1169 861 1206 et
900 1165 1211 1206 venustiorem
1263 1169 1433 1207 statum
1476 1167 1736 1208 reedificata

74 1242 159 1289 estg
207 1238 255 1278 in
301 1251 392 1292 qua
441 1238 585 1279 eciam
635 1251 760 1279 nunc
807 1251 1001 1292 corpora
1041 1251 1202 1279 eorum
1246 1244 1445 1293 pausant
1485 1241 1738 1282 honorifice

72 1312 314 1352 tumulata.

159 1385 210 1425 X.
298 1384 476 1424 Horum
531 1384 907 1425 felicissimorum
964 1385 1316 1438 peregrinorum
1365 1387 1738 1438 consanguineus

73 1462 169 1499 erat
214 1458 344 1498 beate
394 1457 615 1498 memorie
663 1457 891 1509 Eskillus,
940 1458 1181 1498 Danorum
1229 1460 1468 1511 quondam
1517 1460 1739 1513 archiepi-

72 1543 264 1584 scopus3
311 1543 336 1570 a
385 1529 556 1583 quibus
603 1543 698 1571 non
747 1530 896 1570 solum
947 1529 1186 1582 sanguinis
1234 1532 1313 1571 sed
1361 1532 1506 1572 eciam
1550 1532 1656 1573 fidei
1698 1537 1740 1573 et

72 1602 342 1644 deuocionis
366 1615 557 1644 succum
581 1604 769 1644 trahens
792 1603 1046 1644 domestico
1070 1603 1305 1644 animatus
1324 1605 1535 1658 exemplo
1554 1618 1737 1658 peregre

74 1676 229 1717 viuere
271 1679 314 1717 et
357 1687 543 1729 peregre
583 1676 701 1717 mori
744 1689 824 1727 pro
858 1676 1040 1717 Christo
1074 1676 1267 1717 domino
1301 1677 1555 1731 proposuit.
1618 1678 1740 1728 Qua-

72 1753 259 1803 propter
290 1748 445 1790 relicta
480 1749 683 1802 precelsa
716 1748 950 1802 dignitate,
983 1761 1073 1803 qua
1108 1748 1153 1788 in
1187 1753 1306 1789 terra
1338 1763 1419 1790 sua
1447 1750 1738 1803 singulariter

73 1822 408 1876 preeminebat,
472 1821 802 1875 Cysterciensis
865 1821 1041 1862 ordinis
1104 1821 1314 1862 habitum
1378 1823 1424 1863 in
1481 1823 1738 1864 Claraualle

73 1891 275 1945 suscepit
327 1899 370 1934 et
423 1895 479 1935 de
531 1894 853 1935 habundantia
910 1894 1186 1935 diuiciarum
1239 1908 1428 1936 suarum
1478 1909 1736 1949 pauperum

74 1963 244 2006 Christi
303 1965 512 2021 inopiam
576 1966 832 2018 largissime
895 1967 1141 2021 suppleuit.
1250 1968 1415 2022 Sicque
1481 1970 1734 2010 eorundem

74 2050 332 2092 pauperum
380 2053 574 2080 numero
623 2053 799 2093 pauper
842 2045 884 2081 et
922 2041 1019 2094 ipse
1059 2040 1353 2081 consociatus
1393 2045 1435 2081 et
1474 2041 1519 2081 in
1561 2041 1734 2094 optima

73 2112 434 2154 conuersacione
475 2113 617 2154 vitam
663 2127 794 2153 suam.
831 2126 1165 2154 consummans
1199 2114 1405 2166 sepultus
1438 2118 1504 2154 est
1536 2114 1582 2154 in
1616 2128 1734 2168 pres-

74 2183 235 2225 biterio
269 2186 453 2239 oratorij
489 2185 695 2227 eiusdem
729 2186 818 2227 loci
849 2190 956 2227 ante
990 2187 1131 2227 altare
1164 2186 1293 2226 beate
1323 2186 1522 2238 Virginis
1554 2188 1734 2235 matris;

74 2256 205 2297 cuius
247 2270 301 2297 ex
341 2258 431 2299 hoc
478 2258 701 2299 memoria
742 2259 788 2298 in
830 2259 1150 2300 benedictione
1191 2259 1273 2299 erit
1318 2259 1734 2300 Clareuallensibus

73 2328 120 2369 in
161 2341 212 2381 ge
250 2331 461 2372 eracione
509 2335 550 2372 et
589 2331 953 2383 generacionem.
1018 2333 1151 2372 Tales
1192 2331 1345 2384 itaque
1386 2344 1592 2384 persone.
1642 2337 1734 2372 tam

75 2401 297 2443 sublimes
344 2403 616 2456 honoribus,
663 2406 915 2445 reuerende
962 2404 1276 2457 dignitatibus,
1325 2405 1465 2444 odore
1512 2405 1730 2445 viitutum

74 2473 329 2515 beatissimi
370 2476 513 2529 patris
552 2476 697 2517 nostri
738 2478 974 2528 Bernardi,
1024 2477 1140 2517 sacri
1181 2489 1366 2530 quoque
1407 2476 1734 2529 Cysterciensis

162 2593 197 2629 2.
244 2593 463 2639 resignans
511 2593 556 2630 C.
634 2594 668 2631 3.
717 2598 756 2630 et
802 2596 1071 2641 presentibus
1112 2594 1242 2630 eciam
1286 2593 1328 2628 Α.
1409 2594 1443 2630 5.
1490 2594 1640 2630 itinere
1683 2595 1734 2639 Α;

74 2652 171 2686 voto
205 2650 259 2696 C,
304 2653 401 2687 voto
435 2651 645 2698 peregrini
680 2650 721 2689 E.
785 2653 819 2688 6.
853 2652 964 2687 exilii
996 2648 1084 2696 AB,
1130 2651 1224 2686 vitae
1258 2653 1296 2686 et
1329 2650 1440 2686 exilii
1473 2650 1516 2686 C.
1582 2652 1616 2687 7.
1651 2663 1733 2688 vno

74 2707 116 2742 in
149 2707 174 2744 l.
210 2707 261 2753 E;
308 2709 351 2744 in
382 2718 466 2744 vno
498 2708 520 2745 l.
554 2708 636 2746 AC.
727 2721 807 2745 vna
848 2710 915 2745 die
954 2710 1041 2753 ΑΕ;
1090 2719 1174 2743 uno
1216 2708 1282 2743 die
1323 2707 1368 2744 C.
1446 2709 1480 2743 8.
1519 2708 1559 2743 in
1602 2720 1732 2745 unum

75 2764 215 2800 locum
251 2765 342 2812 EC·,
374 2765 416 2801 in
451 2776 533 2802 vno
564 2766 659 2802 loco
693 2768 737 2803 Α.
804 2767 865 2803 10.
899 2767 950 2802 de
982 2777 1059 2802 om.
1094 2765 1176 2801 CB.
1242 2766 1304 2801 11.
1340 2765 1619 2811 eleemosynis
1654 2766 1732 2803 EC.

77 2822 227 2868 15—p.
257 2823 413 2868 442‚4:
446 2822 533 2858 hoec
564 2823 705 2859 omnia
738 2834 815 2860 om.
846 2824 891 2859 Β.
959 2824 1019 2858 16.
1053 2823 1257 2868 archyeps
1284 2822 1327 2857 Α.
1394 2823 1454 2857 19.
1490 2826 1529 2858 et
1561 2834 1733 2870 peregre

75 2879 183 2914 mori
230 2880 323 2927 AE3
371 2882 410 2915 et
455 2891 534 2916 om.
583 2880 627 2916 C.
710 2882 774 2917 21.
824 2880 1059 2916 Clareualle
1106 2880 1147 2915 Α.
1233 2880 1297 2914 22.
1345 2879 1604 2916 abundantia
1654 2881 1733 2918 EC.

76 2936 227 2983 23-p.
276 2937 378 2982 442,
412 2938 446 2973 4.
497 2937 648 2983 Sicque
682 2967 688 2974 .
722 2968 727 2974 .
761 2938 943 2973 cruciari
990 2948 1068 2972 om.
1116 2936 1160 2972 C.
1253 2937 1432 2973 25—-26,
1480 2938 1732 2982 presbiterio

75 2994 248 3039 oratorij
293 2995 345 3039 Α;
392 2994 656 3040 presbyterio
699 2995 739 3031 E.
818 2995 881 3030 28.
925 2995 966 3029 in
1007 2994 1276 3040 generatione
1316 2997 1354 3029 et
1400 2995 1733 3039 generationem:

76 3050 204 3087 Exod.
241 3050 275 3096 3,
299 3051 369 3094 15,·
402 3050 549 3086 Psalm.
584 3050 718 3094 3211
752 3054 788 3086 et
817 3051 976 3096 saepius.

1768 1032 1807 1062 10

1767 1397 1807 1427 15

1765 1760 1806 1791 20

1762 2122 1803 2152 25

1761 2482 1804 2512 30
