2242 3551
387 988 428 1019 10

387 1350 427 1380 15

387 1713 429 1744 20

388 2146 430 2176 25

388 2509 430 2539 30

456 205 534 245 150
796 215 1070 244 SCRIPTORES
1103 215 1330 244 HISTORIAE
1362 214 1538 243 DANICAE
1570 213 1768 242 MINORES

540 330 588 370 V.
653 329 910 382 Episcopus
950 332 1103 369 autem
1137 328 1339 370 edificari
1372 328 1537 369 fecerat
1570 327 1901 369 monasterium
1935 328 1981 367 in
2015 341 2098 368 suo

454 402 596 442 fundo
630 401 829 454 proprio,
869 401 947 454 qui
981 401 1230 442 Guldholm
1265 400 1436 441 Danice
1468 404 1671 451 vocatur,
1712 403 1754 439 et
1784 399 2005 452 imposuit
2036 399 2099 439 illi

453 487 621 514 nomen
654 474 803 513 Aurea
836 473 1005 525 Insula,
1053 473 1208 527 ibique
1249 477 1531 514 conuentum
1572 473 1628 513 de
1661 473 1878 512 Esserum
1912 472 2100 512 allatum

454 546 771 587 collocauerat.
821 545 1025 586 Contulit
1056 559 1240 599 quoque
1273 545 1420 586 eidem
1454 544 1733 585 monasterio
1766 545 1821 585 de
1854 557 1937 584 suo
1970 544 2103 597 patri-

454 618 611 659 monio
644 617 801 671 predia
828 618 971 658 multa
999 622 1041 658 et
1066 618 1319 671 plurimum
1348 617 1569 670 promisit.
1619 617 1736 657 Nam
1763 621 1809 657 vt
1834 617 2103 668 ostenderet,

454 694 679 744 quantum
711 691 865 731 locum
898 690 1102 742 diligeret
1132 694 1455 742 memoratum,
1488 689 1629 730 fertur
1652 689 1947 742 promissoria
1972 702 2104 742 spon-

454 762 582 803 sione
628 763 856 803 allocutus
902 775 999 803 esse
1046 763 1243 803 eundem
1299 763 1452 803 locum
1503 763 1703 815 quadam
1751 762 1848 802 vice
1894 761 2103 802 alludens

453 835 678 875 vocabulo
709 835 797 876 loci
830 839 872 875 et
903 835 1083 875 dicens:
1136 837 1307 875 »Aurea
1341 835 1495 874 Insula
1537 838 1585 874 tu
1622 834 1816 885 vocaris,
1863 837 1905 874 et
1937 844 2017 886 ego
2049 837 2105 884 te,

454 907 491 948 si
524 907 692 958 vixero,
735 908 1009 948 deaurabo«.
1073 907 1159 947 Sed
1193 908 1283 947 heu
1316 907 1433 960 proh
1466 907 1616 947 dolor!
1665 906 1822 947 fefellit
1863 919 1968 946 eum
2002 919 2104 959 spes

456 979 567 1031 eius,
615 984 656 1019 et
695 992 787 1020 nou
828 983 893 1020 est
929 979 1088 1019 datum
1122 979 1339 1032 perficere
1372 992 1488 1032 opus
1521 978 1808 1032 propositum
1842 991 1978 1019 suum
2011 982 2102 1018 tam

454 1052 597 1105 pium.
660 1052 777 1092 Nam
820 1064 912 1092 non
954 1052 1087 1103 longe
1128 1055 1231 1105 post
1272 1051 1531 1104 captiuatus
1571 1055 1636 1092 est
1677 1055 1718 1091 et
1757 1051 1812 1091 de
1855 1062 1994 1103 regno
2036 1064 2105 1091 ex-

455 1125 628 1178 pulsus.
707 1125 970 1177 Propterea,
1025 1124 1275 1164 Guldholm
1324 1127 1365 1164 et
1411 1123 1489 1177 filij
1540 1124 1625 1175 tui,
1680 1124 1782 1175 luge
1830 1127 1871 1164 et
1917 1124 2103 1176 deplora

455 1197 648 1237 celerem
687 1201 729 1237 et
768 1196 906 1236 nimis
944 1196 1245 1236 immaturum
1286 1209 1445 1236 casum
1485 1196 1626 1249 patris
1669 1196 1734 1237 tui
1782 1196 1966 1249 piisimi,
2014 1209 2104 1249 quo

456 1269 637 1309 viuente
669 1269 880 1309 omnium
913 1269 1181 1309 deliciarum
1213 1269 1295 1309 tibi
1328 1269 1459 1322 copia
1486 1269 1719 1319 affluebat,
1752 1281 1844 1322 quo
1873 1269 2105 1308 subtracto

454 1345 501 1382 tu
541 1342 820 1395 paupercula
860 1354 1071 1382 remanes
1110 1345 1152 1381 et
1190 1342 1307 1382 inter
1350 1341 1463 1382 alias
1510 1354 1690 1382 sorores
1729 1344 1833 1381 tuas
1873 1340 2024 1381 tenuis
2066 1344 2107 1381 et

455 1414 748 1466 despicabilis
793 1413 1042 1454 delitescis!
1116 1414 1160 1454 Si
1208 1414 1330 1455 enim
1379 1414 1475 1467 ipse
1523 1413 1722 1465 vixisset,
1770 1413 1870 1466 alijs
1916 1417 1957 1453 te
2005 1414 2106 1453 ade·

455 1490 652 1539 quasset,
699 1486 843 1526 immo
876 1499 954 1539 pre
986 1485 1087 1539 alijs
1119 1487 1363 1527 extulisset.
1430 1487 1564 1527 Nunc
1607 1491 1761 1527 autem
1794 1485 1994 1526 sufficiat
2024 1485 2106 1526 tibi

456 1563 702 1612 paupertas
733 1563 830 1607 tua3
864 1562 905 1599 et
937 1571 1017 1598 ora
1049 1559 1187 1599 deum
1219 1559 1513 1611 incessanter,
1546 1563 1592 1600 vt
1622 1572 1714 1600 non
1738 1559 2000 1613 dispereant
2025 1571 2109 1598 nec

456 1631 725 1672 minuantur
755 1631 872 1672 vires
905 1631 1002 1671 eius
1034 1643 1189 1671 coram
1222 1631 1413 1672 domino
1445 1632 1492 1672 in
1525 1633 1626 1680 hoc,
1666 1632 1790 1685 quod
1819 1632 2106 1672 voluntatem

457 1716 588 1744 suam
622 1704 793 1744 honam
826 1716 920 1744 non
953 1703 1099 1756 potuit
1130 1717 1266 1757 opere
1299 1704 1530 1757 perficere,
1562 1708 1609 1744 vt
1639 1704 1832 1745 volebat.

542 1849 613 1888 VI.
661 1848 794 1889 Anno
827 1848 1004 1889 domini
1032 1849 1168 1900 1192„
1200 1849 1346 1902 pridie
1379 1850 1487 1890 Idus
1518 1849 1660 1902 Junij,
1693 1853 1952 1890 conuentus
1985 1849 2107 1889 venit

456 1921 502 1961 in
542 1922 739 1961 Auream
783 1921 1002 1962 Insulam.
1066 1922 1240 1962 Eodem
1286 1935 1422 1971 anno,
1470 1922 1650 1963 decimo
1696 1922 1925 1962 Kalendas
1965 1921 2107 1974 Junij,

456 1993 502 2033 in
543 1993 615 2034 die
648 1993 941 2034 Ascensionis
975 1994 1176 2045 Domini,
1224 1994 1497 2035 venerabilis
1539 1999 1667 2048 pater
1709 1998 1750 2035 et
1790 1995 1863 2047 pie
1900 1995 2108 2035 recorda-

457 2065 602 2106 cionis
643 2066 958 2119 Valdemarus,
1006 2067 1250 2120 episcopus
1292 2067 1604 2119 Slesuicensis,
1650 2067 1937 2108 consecrauit
1974 2066 2107 2108 cemi-

457 2139 622 2178 terium
669 2141 711 2178 et
748 2139 934 2179 claustri
974 2139 1202 2180 ambitum
1244 2139 1291 2179 in
1335 2139 1585 2180 Guldholm
1634 2143 1675 2179 et
1721 2139 1913 2180 contulit
1958 2139 2105 2180 eidem

458 2210 736 2252 monasterio
783 2211 985 2252 decimas
1032 2216 1229 2265 quatuor
1276 2212 1573 2253 ecclesiarum
1620 2212 1747 2266 prius
1794 2213 1851 2252 ad
1896 2224 2104 2252 mensam

457 2296 589 2323 suam
637 2287 914 2336 spectantes,
970 2284 1181 2325 videlicet
1236 2284 1422 2325 ecclesie
1470 2285 1510 2325 S.
1559 2285 1798 2325 Michaelis
1844 2284 1889 2325 in
1939 2285 2106 2334 Monte,

459 2356 693 2409 Hallebye,
742 2356 962 2408 Nyebolle
995 2361 1036 2396 et
1069 2357 1221 2409 Tolge,
1271 2357 1528 2398 donacione
1561 2361 1793 2411 perpetua,
1839 2360 1881 2397 et
1912 2355 2105 2397 eandem

457 2428 760 2469 donacionem
794 2429 1033 2470 roborauit
1063 2429 1313 2483 priuilegijs
1346 2430 1456 2470 satis
1488 2429 1647 2471 firmis.
1711 2430 1851 2483 Igitur
1889 2427 2107 2469 monachi

459 2500 535 2551 illi,
582 2500 674 2554 qui,
721 2501 838 2542 sicut
876 2505 1167 2554 prenotatum
1208 2502 1285 2553 est,
1334 2515 1359 2542 a
1402 2502 1525 2543 bono
1567 2502 1802 2556 proposito
1850 2501 2108 2542 resilierunt

457 2576 498 2613 et
545 2573 775 2613 redierunt
820 2575 877 2614 ad
925 2573 1164 2614 ecclesiam
1212 2574 1251 2615 S.
1293 2574 1545 2626 Michaelis,
1591 2574 1797 2615 videntes
1844 2587 1890 2614 se
1936 2577 1978 2614 et
2024 2585 2106 2613 sua

457 2646 716 2686 decrescere
749 2650 791 2686 et
822 2647 1018 2686 Auream
1054 2646 1258 2687 Insulam
1292 2647 1337 2686 in
1371 2660 1564 2688 numero
1597 2659 1914 2701 personarum,
1947 2644 2107 2698 ampli-

544 2785 578 2821 3.
611 2786 808 2821 Esserom
842 2785 920 2822 SH.
984 2786 1019 2822 8.
1051 2787 1258 2823 vocabulo
1291 2787 1386 2832 GH;
1426 2788 1621 2824 vocabuli
1655 2787 1731 2823 Rs.
1806 2788 1866 2822 11.
1898 2786 2021 2832 longe
2054 2786 2107 2828 [ἲς

458 2842 581 2888 longo
607 2842 686 2878 SH.
754 2843 811 2878 13.
845 2843 1117 2880 immaturum
1145 2845 1193 2888 133
1225 2844 1541 2881 immaturatum
1565 2846 1644 2881 SH.
1710 2845 1770 2880 14.
1803 2844 2041 2880 substracto
2062 2844 2105 2878 R.

464 2900 522 2936 16.
556 2899 839 2946 despiciabilis
871 2911 1006 2936 errore
1038 2901 1076 2936 S.
1139 2902 1202 2937 21.
1236 2900 1382 2937 Debuit
1417 2903 1517 2938 1191
1555 2902 1644 2946 dici,
1681 2903 1723 2937 ut
1752 2901 1922 2937 adnotat
1958 2899 2105 2945 Waitz,

459 2967 555 2992 nam
588 2968 632 2992 eo
663 2968 775 2992 anno
807 2958 1005 2994 Ascensio
1040 2958 1207 2994 Domini
1240 2958 1381 2994 incidit
1412 2959 1452 2994 in
1486 2959 1591 2995 diem
1624 2959 1689 2994 23.
1726 2958 1835 3003 Maii,
1868 2968 1981 2995 anno
2014 2968 2104 2993 vero

462 3013 566 3049 1192
601 3014 641 3049 in
673 3014 778 3049 diem
814 3014 873 3050 14.
908 3014 1015 3051 Maii.
1081 3017 1145 3052 22.
1180 3016 1385 3052 Calendas
1419 3016 1483 3051 RS
1513 3014 1571 3064 (in
1604 3016 1823 3062 archetypo
1852 3015 1989 3061 fuerat
2021 3013 2101 3063 Kar).

460 3071 522 3106 24.
555 3072 845 3107 coemiterium
881 3071 962 3117 1383
995 3073 1247 3111 cimiterium
1282 3074 1326 3109 H.
1391 3074 1453 3111 28.
1489 3073 1677 3123 Halleby‚
1709 3072 1887 3122 Nybolle
1919 3072 1998 3109 SH.
