2242 3551
398 209 633 239 Exonva
665 209 944 240 MONASTERH
977 210 1105 240 CARAE
1138 210 1311 240 rNSVLAE
1600 202 1679 241 163

26 329 218 383 gaudere
264 326 441 367 solebat
487 326 542 366 de
589 325 795 379 profectu
851 330 892 367 et
946 327 1246 380 prosperitate
1298 327 1472 367 ordinis
1520 327 1680 368 Cister-

27 402 208 452 ciensis,
267 403 308 440 et
354 399 510 440 abbati
559 399 751 439 domum
800 400 1045 440 reuertenti
1093 400 1264 440 litteras
1313 400 1401 452 regi
1451 404 1491 440 et
1538 401 1679 440 electo

26 480 158 529 atque
188 472 289 514 aliis
321 472 549 526 episcopis
582 472 852 512 deferendas
884 472 1072 512 tradidit
1097 477 1138 512 et
1163 472 1346 514 sibimet
1372 473 1680 526 priuilegium,

27 548 146 602 quod
178 545 370 600 petebat.

753 632 852 678 Cap.
888 632 949 668 IV.

27 716 175 753 Littere
207 714 350 750 domni
384 713 606 760 apostolici
640 713 691 748 ad
725 722 863 759 regem
898 712 948 748 de
982 714 1214 750 mutatione
1253 714 1426 750 claustri
1470 715 1520 750 de
1552 715 1681 760 Weng
1708 722 1725 751 ἵ)

371 786 409 819 et
442 783 493 818 de
525 782 798 818 reuocatione
832 782 977 818 Eskilli
1011 783 1332 830 archiepiscopi.

107 876 118 933 Η
150 853 438 933 Alexander
470 888 731 941 episcopus,
765 901 928 928 seruus
961 901 1202 929 seruorum
1238 889 1325 937 dei,
1358 889 1602 929 karissimo
1635 890 1680 929 in
1709 900 1846 943 Form-

27 963 203 1005 Christo
250 962 344 1002 filio
386 962 700 1012 VValdemaro,
750 960 912 1001 illustri
958 962 1197 1002 Danorum
1244 962 1350 1014 regi,
1398 963 1592 1003 salutem
1641 967 1681 1003 et

24 1036 322 1088 apostolicam
376 1034 755 1075 benedictionem.
820 1034 934 1075 Cum
977 1034 1198 1075 audimus
1235 1039 1276 1075 te
1316 1036 1435 1076 circa
1481 1048 1546 1087 ea,
1594 1049 1681 1089 que

25 1111 107 1150 deo
139 1108 362 1162 placitura
397 1112 503 1148 sunt
536 1111 578 1148 et
608 1107 781 1160 regiam
811 1109 1003 1148 deceant
1028 1107 1296 1160 dignitatem
1332 1113 1373 1149 et
1403 1109 1459 1149 ad
1487 1109 1680 1149 salutem
1710 1121 1750 1150 10

24 1182 173 1223 anime
214 1186 302 1233 tue,
351 1181 534 1221 uirtutis
574 1194 759 1235 quoque
798 1193 852 1221 ac
889 1180 1122 1233 religionis
1164 1181 1501 1222 incrementum
1550 1182 1682 1235 perti-

24 1258 172 1306 neant,
218 1254 466 1295 sollicitum
508 1258 548 1294 et
589 1254 816 1295 intentum
863 1255 1068 1306 existere,
1115 1254 1284 1306 gaudio
1324 1256 1594 1307 gaudemus,
1641 1259 1681 1295 et

22 1332 96 1369 tue
134 1328 429 1368 sublimitatis
470 1327 745 1368 industriam
789 1327 1053 1368 affectuosis
1094 1340 1232 1381 super
1278 1328 1368 1369 hoc
1405 1329 1450 1368 in
1490 1328 1681 1369 domino

24 1400 236 1442 laudibus
297 1402 697 1442 commendamus.
790 1401 857 1441 Ex
917 1404 1075 1441 tenore
1136 1401 1365 1454 siquidem
1428 1402 1680 1442 litterarum

23 1478 201 1515 tuarum
237 1478 279 1515 et
310 1473 604 1528 quorundam
639 1474 965 1527 episcoporum
988 1473 1036 1514 in
1061 1477 1141 1514 tuo
1165 1486 1305 1527 regno
1331 1475 1680 1515 consistentium
1711 1485 1750 1515 15

24 1547 298 1601 accepimus,
345 1548 582 1601 quomodo
615 1551 663 1587 tu
697 1547 854 1587 diuine
887 1547 1068 1600 pietatis
1101 1561 1258 1588 amore
1299 1549 1531 1599 inductus,
1579 1561 1683 1588 con-

24 1621 225 1661 siderans
274 1620 608 1661 monasterinm
649 1621 705 1661 de
745 1621 906 1672 VVeng,
954 1621 1078 1674 quod
1127 1625 1440 1663 antecessores
1487 1622 1552 1661 tui
1600 1635 1682 1674 pro

24 1693 174 1735 anime
221 1707 301 1735 sue
348 1694 552 1735 remedio
599 1694 855 1734 fundarunt
909 1698 951 1734 et
1006 1694 1145 1746 largis
1192 1699 1233 1735 et
1282 1696 1459 1747 magnis
1508 1707 1683 1748 posses—

25 1766 230 1807 sionibus
262 1766 560 1820 ampliarunt,
591 1771 686 1807 tam
713 1766 1011 1820 spiritualiter
1036 1780 1177 1822 quam
1204 1768 1517 1822 temporaliter
1542 1768 1682 1808 fuisse

23 1840 223 1880 attritum
258 1844 299 1880 et
331 1839 586 1893 plurimum
619 1840 918 1892 diminutum,
951 1841 1009 1880 ad
1042 1840 1141 1881 eius
1174 1841 1548 1882 reformationem
1575 1853 1681 1882 cum
1709 1851 1751 1882 20

23 1914 273 1954 eorundem
299 1912 625 1966 episcoporum
653 1913 848 1953 consilio
874 1912 1125 1966 intendisti,
1149 1918 1204 1966 et,
1230 1914 1409 1966 abbate,
1436 1914 1510 1955 cui
1536 1914 1683 1955 fuerat

23 1986 149 2038 prius
180 1998 468 2038 concessum,
501 1986 557 2027 de
591 1986 809 2038 magistro
842 1986 1071 2040 discipulo
1097 1987 1230 2039 facto,
1263 1987 1482 2028 fratribus
1507 1987 1683 2028 ordinis

25 2057 331 2100 Cisterciensis
372 2060 430 2100 ad
475 2059 709 2111 religionis
756 2063 799 2100 et
845 2059 1099 2100 honestatis
1140 2060 1484 2101 obseruantiam
1534 2060 1579 2101 in
1629 2074 1681 2101 eo

23 2133 369 2173 restaurandam
402 2132 526 2173 idem
558 2132 894 2173 monasterium
936 2133 1182 2173 contulisti.
1247 2133 1382 2184 Quod
1426 2134 1597 2188 utique,
1645 2134 1682 2174 si
1728 2137 1731 2141 '

24 2204 82 2244 ita
114 2208 191 2257 est,
224 2205 332 2260 quia
366 2219 418 2246 ex
451 2204 753 2258 inspiratione
785 2205 943 2246 diuine
975 2207 1116 2258 gratie
1148 2210 1191 2247 et
1220 2207 1474 2247 mutatione
1499 2208 1682 2248 dextere
1709 2219 1750 2249 25

24 2278 183 2318 excelsi
224 2277 500 2332 processisse
548 2291 804 2331 speramus,
851 2283 1033 2331 gratum
1081 2283 1416 2333 acceptumque
1462 2284 1681 2332 tenentes,

23 2351 143 2404 quod
176 2351 282 2392 inde
309 2364 335 2392 a
357 2355 436 2392 tua
459 2351 701 2392 serenitate
723 2363 830 2392 cum
857 2351 1050 2392 consilio
1075 2353 1328 2393 eorundem
1355 2353 1681 2406 episcoporum

24 2423 193 2464 salubri
224 2424 431 2465 noscitur
462 2424 729 2477 prouisione
762 2428 1000 2475 statutum,
1048 2429 1197 2465 ratum
1241 2429 1283 2465 et
1322 2425 1512 2466 firmum
1544 2426 1682 2467 habe-

23 2508 138 2549 mus,
175 2497 495 2538 celsitudinem
527 2501 654 2537 tuam
689 2501 915 2549 rogantes,
958 2502 1199 2539 monentes
1233 2502 1274 2539 et
1307 2498 1601 2540 exhortantes
1633 2499 1679 2539 in

23 2568 209 2610 domino
255 2574 391 2624 atque
431 2570 478 2610 in
521 2574 817 2623 peccatorum
866 2571 1050 2611 ueniam
1099 2570 1405 2622 iniungentes‚
1453 2576 1681 2626 quatenus
1707 2584 1749 2615 30

23 2641 78 2681 ad
116 2641 451 2684 incrementum
493 2647 537 2683 et
575 2642 905 2683 releuationem
949 2644 1110 2698 prefati
1155 2643 1418 2697 monasterij
1454 2644 1681 2685 feruenter

23 2725 75 2754 ac
105 2715 268 2756 deuote
298 2715 511 2755 intendas
544 2719 585 2755 et
616 2715 856 2768 religiosos
888 2714 1039 2770 uillros,
1086 2730 1204 2771 quos
1243 2717 1354 2757 illuc
1391 2718 1446 2757 de
1485 2730 1678 2758 assensu
1706 2727 1842 2762 F01.5‘.

23 2788 99 2826 tuo
138 2790 179 2827 et
216 2787 376 2829 fauore
416 2788 608 2828 dilectus
652 2788 775 2828 filius
816 2793 971 2830 noster
1011 2790 1162 2831 Sueno
1203 2789 1464 2830 Arusiensis
1511 2791 1681 2831 electus

23 2856 212 2910 induxit,
259 2861 444 2913 diligere
485 2873 539 2901 ac
579 2865 877 2902 manutenere
918 2863 1102 2903 studeas
1144 2866 1186 2903 et
1227 2875 1386 2902 eorum
1421 2862 1543 2903 bona
1577 2876 1681 2904 con-

24 2935 146 2971 sueta
203 2933 443 2974 clementia
492 2937 533 2974 et
580 2934 745 2987 pietate
792 2947 989 2976 seruare.
1085 2936 1291 2975 Preterea
1348 2935 1680 2976 nichilominus
1707 2946 1748 2976 35

111 3038 171 3076 12.
218 3039 371 3085 gaudio
418 3039 619 3085 gaudere:
667 3040 757 3076 Isai.
792 3041 945 3091 66‚10,·
995 3039 1131 3077 Matth.
1167 3041 1285 3086 210,
1320 3041 1368 3077 al.
1451 3042 1510 3078 18.
1551 3041 1677 3088 largis

22 3094 163 3140 scripsi
193 3098 253 3141 (ut
281 3098 338 3132 est
363 3108 403 3143 p.
439 3096 636 3143 164‚27);
668 3097 804 3144 longis
838 3098 881 3135 C.

1399 3166 1464 3198 11*
