2242 3551
520 191 662 219 GESTA
695 191 918 220 CNVTONIS
952 192 1095 220 REGIS.
1146 191 1277 220 LIBER
1313 193 1340 219 11
1675 183 1755 221 407

101 307 173 348 uir
204 306 313 347 boni
345 305 527 346 consilii
559 305 655 345 fuit.
707 306 748 346 Is
781 317 971 358 surgens
1004 306 1050 346 in
1085 306 1237 346 medio
1271 306 1453 358 agmine
1486 319 1647 347 omnes
1680 305 1756 347 tali

100 380 365 433 alloquutus
419 382 486 419 est
539 390 772 419 sermone:
841 378 991 419 »Licet
1047 378 1264 418 omnibus
1320 391 1433 431 pene
1488 379 1623 419 uobis
1670 380 1756 419 sim

101 451 301 505 inuisus,
348 451 457 505 quia
504 450 625 492 bello
671 450 807 501 cessi,
854 454 1029 502 tamen,
1077 451 1114 490 si
1156 451 1321 491 uestris
1369 453 1544 492 sederet
1589 453 1758 493 animis

99 523 232 565 dictis
275 536 433 577 parere
471 523 561 565 mei
601 523 796 570 consilii,
844 523 1187 564 uictoriosiores
1236 524 1354 564 effici
1395 537 1497 565 meo
1543 526 1757 566 consultu

100 596 308 650 possetis,
340 609 483 650 quam
517 596 553 636 si
585 595 725 636 totius
758 600 872 646 terre
904 596 977 636 his
1011 596 1122 636 uiris
1145 596 1413 637 resisteretis
1437 597 1590 637 armis.
1641 598 1758 638 Satis
1785 606 1803 636 5

99 669 221 710 enim
262 669 503 710 Danorum
544 668 761 709 uictorias
800 672 1014 722 expertus
1054 668 1223 709 frustra
1263 682 1347 710 nos
1387 669 1520 710 reniti
1565 668 1776 711 omnino

100 741 213 791 scio;
261 745 303 781 et
334 741 393 781 ob
424 738 436 794 (l
467 742 556 782 hoc
588 754 661 781 me
694 741 900 781 subtraxi
933 755 956 782 a
991 741 1149 794 prelio,
1198 745 1247 781 ut
1284 742 1419 782 uobis
1459 744 1756 795 postmodum
1785 743 1929 779 f1›l.43‘'.

99 814 367 868 prodessem
407 813 614 863 consilio,
663 826 771 865 non,
820 819 867 855 ut
909 826 992 855 uos
1030 813 1267 863 estimatis,
1314 815 1554 866 perculsus
1592 815 1757 856 timore

97 886 267 940 aliquo.
316 887 437 926 Dum
467 886 589 927 enim
615 886 780 928 scirem
814 899 1000 928 necesse
1033 900 1131 928 esse
1164 900 1237 927 me
1269 887 1436 939 fugere,
1470 888 1579 941 quid
1614 889 1757 928 satius

97 959 195 1010 fuit,
241 963 320 1000 aut
362 959 659 1000 uulneratum
702 963 779 1000 aut
820 973 985 1000 sanum
1026 961 1266 1001 recedere?
1328 960 1407 1000 Est
1450 961 1757 1014 proculdubio
1786 968 1825 997 10

94 1035 216 1073 certa
249 1031 442 1073 uictoria
475 1031 708 1072 interdum
743 1032 801 1072 ab
835 1033 1010 1073 fortiori
1044 1034 1175 1074 hoste
1199 1033 1318 1074 elabi
1346 1033 1468 1085 suga,
1500 1033 1573 1073 cui
1599 1033 1755 1087 nequit

95 1105 243 1145 resisti
284 1118 364 1158 per
406 1118 548 1145 arma.
613 1105 788 1146 Omnes
822 1106 960 1154 enim,
1008 1107 1087 1160 qui
1128 1107 1367 1157 adsumus,
1415 1104 1547 1159 (proh
1589 1107 1758 1157 dolori)

95 1177 318 1229 fugimus3
371 1179 447 1218 sed
496 1191 552 1218 ne
600 1177 675 1218 hic
721 1190 857 1219 casus
905 1179 1037 1219 nobis
1085 1179 1268 1220 eueniat
1314 1179 1526 1231 ulterius,
1574 1180 1756 1219 dextras

97 1250 241 1290 Danis
266 1251 531 1303 demussut,
559 1251 683 1304 ipsos
711 1251 937 1302 federatos
962 1252 1198 1303 habentes,
1223 1252 1378 1303 fugam
1405 1252 1755 1305 periculumque

94 1323 319 1363 bellorum
365 1324 430 1364 sic
471 1324 633 1364 saltem
666 1324 965 1365 declinemus.
1028 1324 1239 1365 Attamen
1272 1322 1283 1378 (¹
1314 1325 1404 1365 hoc
1436 1324 1566 1365 aliter
1598 1324 1757 1378 nequit
1786 1331 1824 1358 15
1854 1326 2000 1360 fol-423⁸-

97 1395 192 1436 fieri
232 1396 320 1436 nisi
362 1396 592 1437 diuisione
634 1397 761 1449 regni
809 1398 966 1437 nostri.
1032 1397 1086 1437 Et
1134 1398 1298 1438 melius
1347 1410 1444 1437 esse
1491 1388 1682 1448 iudico,
1709 1401 1757 1437 ut

95 1469 386 1510 medietatem
426 1470 551 1521 regni
591 1483 669 1510 rex
708 1473 862 1510 noster
902 1482 1006 1510 cum
1049 1482 1161 1522 pace
1196 1470 1374 1517 habeat,
1424 1482 1562 1522 quam
1608 1474 1755 1510 totum

95 1541 265 1594 pariter
296 1542 443 1583 uictus
475 1542 693 1583 amittat.«

182 1616 246 1655 14.
297 1615 475 1655 Placuit
500 1628 652 1656 sermo
680 1615 998 1668 optimatibus,
1033 1620 1087 1667 et,
1121 1616 1223 1657 licet
1257 1616 1446 1667 inuitus,
1480 1616 1568 1656 hoc
1599 1619 1753 1655 tamen

93 1688 256 1729 annuit
289 1688 613 1738 Aeolmundus3
647 1688 893 1743 electisque
924 1689 1234 1739 internuntiis,
1269 1688 1488 1742 premittit
1522 1688 1578 1728 ad
1612 1700 1755 1728 naues
1784 1697 1825 1724 24·

96 1760 414 1811 CNVTONIS,
448 1761 527 1814 qui
559 1762 742 1802 dextras
776 1761 918 1802 Danis
952 1762 1061 1802 dent
1096 1766 1137 1802 et
1161 1761 1390 1814 accipiant
1416 1760 1473 1800 ab
1501 1761 1576 1801 eis.
1627 1761 1754 1810 Quos

94 1834 172 1874 ubi
213 1834 416 1887 primum
452 1834 569 1874 Dani
609 1834 846 1875 uenientes
890 1834 1141 1880 intuentur,
1189 1835 1500 1887 exploratores
1539 1846 1615 1874 eos
1658 1846 1754 1873 esse

94 1899 408 1960 suspicantur3
442 1907 520 1947 sed
554 1911 799 1961 postquam
835 1907 1027 1961 propius
1060 1920 1136 1948 eos
1162 1907 1322 1948 uident
1344 1908 1574 1958 accedere,
1607 1917 1754 1946 accer-

93 1979 191 2020 sitis
224 1979 302 2031 eis,
350 1979 573 2033 quidnam
605 1978 617 2034 Η
648 1980 912 2034 quesierint,
960 1980 1051 2021 orsi
1095 1984 1201 2020 sunt
1242 1979 1450 2031 rogitare.
1515 1978 1750 2018 Discentes
1778 1984 1924 2018 forffl‘.

92 2065 203 2092 uero
243 2052 300 2092 ab
341 2052 419 2103 eis,
468 2065 550 2105 pro
598 2053 887 2094 conficienda
936 2065 1048 2106 pace
1095 2066 1171 2093 eos
1220 2052 1390 2102 uenire,
1438 2051 1628 2091 letantes
1676 2060 1754 2091 eos
1780 2061 1821 2090 25

90 2124 257 2165 siStunt
296 2125 622 2177 conspectibus
660 2125 800 2178 regis3
849 2130 978 2166 erant
1016 2125 1138 2166 enim
1174 2110 1301 2179 (ipsi)
1334 2124 1501 2164 obnixe
1541 2127 1750 2176 optantes

88 2209 305 2250 prospera
345 2197 486 2250 pacis,
533 2198 627 2238 iam
670 2197 778 2239 lassi
820 2198 1048 2240 bellorum
1090 2202 1131 2239 et
1171 2196 1518 2238 continuatione
1566 2196 1751 2247 nauiga-

88 2269 239 2310 tionis.
318 2270 450 2311 Tunc
492 2270 635 2321 missi,
683 2282 785 2323 rege
834 2271 1024 2324 pacifice
1072 2271 1287 2311 salutato:
1341 2270 1591 2309 »Miserunt
1639 2281 1745 2309 nos«

91 2341 308 2395 inquiunt
345 2343 425 2383 »ad
453 2347 509 2395 te,
543 2356 569 2383 o
596 2356 686 2395 rex,
720 2344 934 2397 princeps
968 2347 1123 2384 noster
1148 2347 1189 2383 et
1216 2355 1456 2395 procerum
1486 2345 1750 2381 nostrorum

93 2415 355 2466 multitudo,
402 2420 452 2455 ut
490 2416 752 2456 consentias
791 2416 856 2457 eis
894 2418 948 2457 de
993 2429 1103 2469 pace
1143 2419 1197 2461 et,
1246 2414 1363 2454 datis
1404 2413 1537 2454 nobis
1580 2413 1750 2454 dextris
1778 2421 1818 2450 30

1513 2604 1532 2618 ἢ

181 2606 298 2641 1—2.
338 2610 400 2641 ois
443 2609 505 2642 est
546 2610 568 2641 t.
603 2606 812 2642 allocutus
855 2618 883 2642 s.
919 2607 960 2643 P.
1041 2607 1074 2641 2.
1109 2606 1231 2641 nobis
1265 2616 1356 2640 sum
1393 2605 1434 2639 Ρ.
1512 2618 1545 2639 ο.
1579 2604 1613 2638 si
1649 2603 1747 2638 viris

91 2662 256 2698 sederet
273 2665 366 2707 (om.
385 2663 551 2707 animis)
571 2665 622 2709 P;
655 2663 724 2709 cfr.
745 2663 1061 2711 i⁷e1·91·1.AE11.IV‚
1078 2663 1140 2699 15.
1204 2667 1237 2698 4.
1258 2673 1350 2697 meo
1369 2660 1565 2696 consultu
1585 2661 1634 2703 Α;
1668 2661 1748 2695 mei

91 2720 257 2756 consilii
278 2721 318 2755 Ρ.
381 2721 403 2755 5
428 2722 478 2764 (et
504 2721 581 2765 17).
616 2732 743 2767 quam
763 2722 813 2762 Α;
847 2721 1049 2767 quoniam
1076 2722 1118 2756 P.
1181 2721 1214 2755 8.
1240 2719 1417 2755 consilio
1438 2718 1683 2764 prodessem
1706 2717 1747 2752 Ρ.

96 2777 155 2812 10.
198 2780 267 2813 aut
302 2789 451 2813 sanum
485 2789 564 2814 om.
601 2779 642 2814 Ρ.
723 2779 782 2814 13.
824 2778 946 2813 nobis
983 2778 1145 2823 scripsi:
1193 2776 1315 2811 uobis
1350 2776 1427 2811 ΑΡ.
1508 2775 1570 2811 17.
1611 2777 1745 2810 totum

91 2844 168 2870 om.
203 2835 245 2871 Ρ.
322 2835 382 2870 18.
416 2835 553 2871 uictus
585 2835 747 2881 scripsi3
792 2835 951 2871 inuitus
984 2836 1066 2879 ΑΡ,
1112 2833 1219 2880 quod
1250 2844 1298 2869 επ·
1331 2844 1364 2868 υ.
1402 2832 1451 2868 19
1487 2832 1666 2877 irrepsi&
1712 2833 1748 2867 et

87 2889 180 2935 fort.
204 2893 373 2937 praestat
396 2891 563 2928 verbum
589 2892 665 2928 hoe
696 2893 834 2928 delere.
897 2892 960 2927 20.
987 2891 1230 2928 Aemundus
1250 2891 1292 2925 Α.
1355 2890 1418 2925 24.
1447 2889 1677 2935 quesierint
1695 2890 1745 2930 A;

92 2951 353 2994 quaesierunt
386 2949 467 2985 PD.
529 2950 592 2984 26.
625 2949 705 2995 ipsi
738 2949 890 2985 addidi.
955 2949 1018 2985 27.
1051 2949 1150 2984 lassi
1172 2977 1177 2983 .
1198 2978 1202 2983 .
1223 2944 1516 2993 nauigationis,
1547 2946 1619 2991 cfr.
1650 2945 1744 2981 Hor.

95 3005 164 3041 Od.
195 3006 244 3050 ΙΙ,
280 3007 314 3052 6,
336 3006 368 3041 7.
457 3006 552 3051 fort.
591 3005 735 3042 scribd.
775 3006 1027 3050 continuate.
1104 3006 1167 3041 28.
1211 3005 1384 3050 pacifice
1432 3004 1627 3039 salutare.
1674 3003 1743 3047 cfr.

92 3061 184 3108 Re9.
219 3063 246 3107 J,
280 3063 345 3108 25,
367 3064 409 3106 5,·
444 3062 657 3109 30,21,al.
723 3063 785 3098 30.
821 3062 1041 3098 obsidibus
1075 3066 1113 3098 et
1146 3062 1302 3098 dextris
1336 3062 1378 3096 Ρ.
