2242 3551
415 256 519 285 VITA
551 255 751 284 GVNNEm
783 253 987 283 13121800121
1019 255 1316 285 VIBERGENSIS
1609 247 1692 286 275

48 377 272 421 racionem
304 375 408 414 ante
441 383 525 411 nos
555 366 567 425 ΙΙ
597 369 767 410 intrare
799 369 989 422 debetis,
1036 370 1144 424 quia
1183 371 1352 412 domus
1393 375 1543 412 vestra
1584 374 1688 412 est«

49 453 102 494 At
133 450 228 503 ipse
267 459 372 487 cum
412 443 640 485 hilaritate
680 442 834 483 statim
881 442 921 483 ei
962 443 1181 497 obediuit,
1229 448 1271 485 et
1318 457 1424 485 eum
1464 444 1693 497 precessit.

50 522 178 576 Quod
218 524 259 561 et
300 517 454 571 sepius
492 520 597 557 ante
637 520 679 556 et
716 519 821 569 post.
858 528 965 556 eum
1008 516 1157 557 facere
1194 517 1432 571 compulit,
1480 517 1582 558 licet
1621 517 1695 557 ille

48 602 137 639 tam
181 592 496 636 venerandum
535 591 686 631 virum
729 592 771 630 et
816 602 955 629 suum
1001 589 1405 644 archiepiscopum
1451 590 1696 643 precellere

49 667 232 711 omnino
264 664 507 706 recusauit.

129 741 180 782 X.
241 738 439 790 Quando
479 749 587 778 vero
627 736 767 776 fiebat
797 735 992 789 dompni
1025 735 1142 788 regis
1175 737 1428 790 expedicio,
1476 737 1521 776 in
1555 749 1695 790 quam

49 827 152 857 suos
191 811 417 853 destinare
457 822 626 863 pueros
664 809 912 859 debuisset,
953 812 1129 849 tantam
1172 809 1237 850 eis
1277 823 1437 850 curam
1471 809 1696 861 adhibuit,

47 892 93 930 vt
130 884 316 938 singulis
355 896 485 924 arma
522 883 657 936 plena
699 886 741 922 et
781 882 1036 923 dextrarios
1077 883 1336 935 preuideret
1375 887 1416 923 et
1449 895 1698 936 expensam

49 973 202 1003 eorum
241 962 282 999 et
312 957 524 998 vtensilia
556 969 636 1010 per
668 969 715 996 se
746 955 901 1009 ipsum
935 956 1149 996 scriberet
1182 955 1463 1008 singillatim.
1527 955 1699 996 Similis

50 1035 87 1076 ei
116 1033 200 1074 fuit
230 1030 490 1073 sollicitudo
523 1029 644 1070 circa
675 1033 820 1070 totam
852 1028 1079 1070 familiam
1112 1042 1259 1081 suam,
1293 1033 1339 1070 vt
1370 1042 1455 1070 nec
1481 1029 1696 1069 infimum

49 1118 277 1149 cursorem
310 1117 447 1145 suum
480 1101 751 1156 necessarijs
783 1102 920 1143 rebus
953 1103 1140 1143 duceret
1171 1102 1507 1154 necligendum.

131 1179 204 1220 XI.
267 1177 382 1219 Cum
430 1180 584 1217 autem
631 1175 797 1230 aliquis
846 1175 892 1215 in
940 1189 1025 1216 suo
1073 1175 1341 1229 episcopatu
1393 1175 1698 1216 homicidium

51 1254 367 1307 perpetrasset,
414 1251 526 1290 dum
575 1250 633 1290 ab
680 1262 733 1291 eo
780 1248 1089 1303 penitenciam
1137 1248 1434 1302 suscepisset,
1482 1248 1613 1289 valde
1661 1247 1700 1288 ei

51 1323 336 1380 inplacabilis
382 1323 467 1363 fuit
505 1327 547 1364 et
588 1336 791 1376 seuerus,
839 1322 1011 1375 dicens,
1059 1323 1184 1376 quod
1223 1335 1306 1376 pro
1353 1322 1432 1362 tali
1480 1321 1598 1361 facto
1645 1322 1701 1360 de

53 1412 132 1440 sua
161 1397 339 1439 iusticia
372 1396 516 1437 nichil
548 1396 740 1437 omnino
773 1396 1001 1437 remittere
1028 1395 1192 1446 voluit3
1227 1400 1268 1436 et
1290 1395 1336 1435 in
1362 1395 1511 1448 prima
1537 1407 1701 1434 carena

52 1484 133 1513 nec
155 1484 296 1513 vnum
320 1470 360 1511 ei
384 1470 506 1510 diem
535 1469 623 1510 nisi
648 1482 729 1523 pro
754 1469 1008 1510 multorum
1041 1468 1255 1522 precibus
1286 1468 1522 1509 relaxauit.
1572 1467 1701 1508 Circa

53 1544 243 1586 feminas
286 1557 409 1597 vero,
456 1557 542 1597 que
578 1543 832 1583 infantulos
872 1555 980 1583 suos
1028 1542 1309 1583 dormientes
1356 1540 1703 1595 oppressissent,

54 1618 171 1658 mitis
203 1621 297 1659 erat
328 1621 370 1658 et
402 1616 742 1670 compassibilis
775 1619 830 1668 et,
875 1619 1103 1669 quantum
1135 1615 1285 1669 potuit
1317 1615 1447 1655 saluo
1480 1614 1592 1665 iure,
1640 1612 1703 1653 eis

55 1692 107 1731 de
151 1690 406 1745 penitencia
453 1689 697 1741 relaxauit,
755 1688 913 1729 dicens
958 1688 1006 1729 in
1053 1688 1132 1729 tali
1179 1701 1289 1730 casu
1337 1686 1703 1728 misericordiam

55 1763 211 1805 merito
242 1763 337 1804 fore
369 1763 682 1815 exercendam,
716 1775 772 1803 ne
804 1762 869 1803 eis
901 1762 1116 1803 lacrimas
1150 1775 1288 1816 super
1319 1761 1535 1802 lacrimas
1567 1761 1704 1799 adau-

56 1841 182 1889 geret.
245 1836 360 1878 Cum
403 1849 510 1877 vero
549 1835 729 1889 aliquos
767 1835 963 1876 rusticos
1003 1836 1074 1877 vel
1107 1836 1349 1876 bondones
1381 1835 1438 1874 ad
1472 1847 1519 1874 se
1550 1832 1705 1873 venire

57 1910 239 1963 aspexit,
271 1910 384 1950 illud
419 1909 570 1963 Ovidij
606 1908 761 1962 sepius
794 1908 928 1949 dixit:
970 1909 1110 1950 cBella
1144 1908 1273 1960 mihi,
1305 1907 1465 1949 video‘.
1528 1907 1702 1946 Tamen

57 1982 101 2022 in
138 1983 409 2036 recipiendis
448 1981 648 2036 denarijs
689 1995 771 2035 pro
812 1982 989 2022 iusticia
1031 1996 1114 2023 sua
1152 1982 1214 2022 ita
1253 1981 1338 2022 fuit
1371 1979 1632 2020 misericors
1665 1982 1706 2018 et

34 2056 290 2109 benignus,
321 2060 368 2098 vt
401 2069 484 2110 pro
516 2068 576 2095 ΧΠ
610 2053 777 2096 marcis
809 2055 1108 2096 denariorum
1132 2059 1222 2096 tres
1249 2066 1431 2095 marcas
1455 2053 1526 2093 vel
1553 2051 1706 2091 minus

59 2128 256 2182 accipere
298 2129 486 2182 solebat,
534 2128 821 2169 considerata
865 2141 1047 2182 semper
1090 2128 1237 2182 ipsius
1283 2126 1432 2181 puniti
1463 2120 1706 2176 facultate,

59 2214 138 2254 pro
167 2202 313 2243 tribus
345 2203 482 2243 etiam
517 2200 683 2242 marcis
714 2201 848 2242 valde
881 2214 1047 2254 parum
1082 2215 1187 2255 sepe
1220 2200 1402 2254 recepit,
1434 2199 1503 2240 vel
1535 2211 1589 2239 ex
1613 2201 1707 2237 toto

59 2275 239 2317 remisit.
302 2276 434 2316 Hanc
481 2287 662 2328 semper
707 2274 1134 2315 consideracionem
1177 2274 1426 2315 obseruare
1463 2268 1475 2326 Η
1512 2270 1703 2317 curauit,

59 2351 116 2400 vt,
154 2348 377 2402 quidquid
416 2361 440 2388 a
478 2347 896 2399 transgressoribus
930 2361 1012 2401 pro
1045 2347 1300 2388 offensione
1333 2349 1488 2386 sancte
1521 2343 1709 2385 ecclesie

60 2421 236 2474 recepit,
283 2420 649 2462 misericordiam
693 2420 857 2473 iugiter
889 2434 1071 2474 semper
1103 2419 1489 2474 superexaltando
1522 2416 1708 2465 iudicio,

62 2505 162 2534 cum
202 2494 478 2547 benignitate
516 2493 825 2547 delinquentis
868 2495 925 2534 ad
968 2506 1125 2547 preces
1159 2506 1266 2534 suas
1299 2496 1341 2533 et
1372 2503 1528 2545 preces
1561 2493 1709 2530 astan-

64 2565 180 2606 cium
227 2567 426 2621 recipere
474 2567 669 2617 studuit;
717 2570 759 2607 et
804 2570 959 2606 tamen
1007 2566 1052 2606 in
1097 2564 1417 2606 habundantia
1464 2564 1562 2616 ipse
1604 2575 1708 2602 cum

64 2637 232 2680 familia
265 2653 347 2680 sua
380 2654 560 2694 semper
592 2640 715 2680 vixit.
778 2641 833 2680 At
870 2644 1025 2680 tamen
1066 2642 1169 2692 post
1208 2639 1298 2678 hoc
1336 2637 1515 2677 finitum
1552 2648 1631 2688 per
1663 2647 1709 2674 se

65 2714 104 2751 et
148 2712 233 2753 sibi
270 2713 349 2754 illo
389 2714 436 2753 in
475 2717 682 2766 tempore
723 2713 977 2753 assidentes
1025 2711 1180 2765 sepius
1228 2723 1333 2751 cum
1378 2712 1644 2749 causaretur
1686 2720 1710 2746 a

149 2845 184 2881 9.
217 2843 403 2883 sestberat
435 2846 481 2890 C,
512 2857 613 2882 corr.
648 2844 792 2892 Lyblc.;
823 2846 1011 2881 scribere
1043 2845 1080 2880 h.
1109 2845 1146 2889 I.,
1183 2846 1226 2879 ut
1257 2843 1345 2885 vid„
1382 2842 1485 2877 idem
1519 2842 1575 2876 est
1605 2840 1712 2886 quod

67 2918 318 2960 computare.
384 2916 445 2952 11.
472 2921 549 2951 susi
577 2914 629 2962 C3
663 2925 838 2950 suorum
857 2914 982 2960 Lyblc.
1048 2914 1109 2949 17.
1139 2906 1162 2956 (¹1
1187 2914 1250 2956 (z
1273 2912 1360 2957 qui)
1386 2911 1431 2955 C,
1464 2921 1566 2946 corr.
1589 2908 1711 2955 Lyblc.

68 2971 289 3016 opssissent
322 2973 355 3009 C
443 2973 505 3009 20.
539 2972 773 3009 exarcenda
807 2972 851 3008 C.
928 2972 992 3008 22.
1025 2971 1128 3006 illud
1163 2969 1320 3015 Ouidij:
1365 2967 1525 3004 Remed.
1559 2966 1712 3002 amoris

70 3036 100 3062 v.
130 3027 171 3065 2:
219 3030 330 3066 Bella
372 3031 487 3075 mihi,
533 3031 666 3073 video⁷
712 3029 821 3065 bella
863 3033 1077 3075 parantur.
1155 3028 1218 3063 23.
1263 3026 1387 3061 iustia
1427 3025 1471 3061 C.
1550 3025 1614 3059 24.
1656 3033 1712 3058 ΧΠ

70 3094 227 3122 marcas
259 3087 304 3131 C,
335 3098 436 3125 corr.
466 3087 613 3134 Lyblc.,·
646 3088 737 3122 ilem
772 3097 804 3122 υ.
830 3086 890 3122 26.
954 3087 1016 3122 29.
1052 3083 1385 3121 misericordiam
1419 3094 1448 3118 s.
1482 3094 1510 3118 s.
1544 3081 1713 3121 iudicio,

70 3140 138 3187 cfr.
168 3154 224 3189 ep.
255 3144 389 3182 Jacob.
423 3145 459 3191 2,
481 3145 540 3182 13.
605 3146 667 3181 30.
700 3144 984 3190 delinquentis
1016 3154 1117 3179 corr.
1150 3152 1199 3178 ex
1229 3144 1307 3177 -tes
1341 3140 1384 3176 C.

1442 3207 1506 3238 18ss

1720 377 1795 409 Fol.
1810 374 1881 409 51V.

1727 1036 1767 1066 10

1731 1402 1770 1432 15

1732 1768 1773 1798 20

1733 2132 1776 2163 25

1737 2277 1809 2308 Fol.
1824 2277 1855 2307 5.
1869 2272 1892 2307 r·

1736 2496 1777 2526 30
