2242 3551
440 1089 480 1120 10

437 1451 476 1481 15

435 1815 477 1845 20

433 2178 474 2208 25

433 2539 475 2569 30

511 219 595 260 246
854 230 1131 259 SCRIPTORES
1164 229 1392 259 HISTORIAE
1425 229 1602 258 DANICAE
1634 230 1834 259 MINORES

511 345 688 386 iusticie
721 344 1129 397 complementum,
1163 343 1279 385 sicut
1311 343 1504 396 gratiam
1537 343 1724 396 diligitis
1748 344 1868 396 regie
1894 344 2166 397 majestatis;

510 417 618 471 quia
664 417 883 457 iniuriam
930 416 1077 469 ipsius
1124 416 1352 457 dimittere
1399 416 1619 457 nolumus
1666 429 1751 457 nec
1794 430 2044 470 possumus
2085 417 2165 458 im-

510 490 762 543 punitam.«

594 594 827 650 (XXXVI.)
899 561 1029 639 Nee
1061 597 1149 651 hijs
1182 596 1607 637 contentusdictus
1639 596 1884 650 episcopus
1916 610 2009 638 non
2043 611 2165 639 uere-

510 670 644 710 batur
683 669 775 721 regi
820 669 1021 719 mentiri,
1070 669 1309 710 accusauit
1347 669 1485 710 etiam
1525 682 1608 709 nos
1648 670 1771 722 apud
1814 680 1964 721 regem
2010 670 2165 711 multis

508 741 794 783 criminibus
858 743 987 783 Vnde
1020 743 1224 783 secundo
1257 741 1476 783 dominus
1508 742 1652 782 abbas
1685 742 1832 782 adiuit
1868 742 2164 793 cardinalem,
2225 773 2231 775 -

507 814 727 855 iniuriam
775 818 981 855 nostram
1029 815 1355 868 conquerendo
1403 814 1521 855 sicut
1568 814 1709 867 prius,
1781 815 1923 856 Cuius
1969 815 2164 856 litteram

508 887 709 940 optinuit
740 887 826 927 sub
860 888 948 928 hac
980 886 1147 927 forma:

601 970 925 1049 »Uenerabili
956 1006 1003 1046 in
1037 1005 1219 1047 Christo
1252 1006 1369 1059 patri
1403 1006 1483 1056 .T.,
1526 1005 1599 1046 dei
1631 1005 1773 1058 gratia
1807 1005 2044 1047 Arusiensi
2076 1006 2165 1058 epi-

508 1091 663 1132 scopo,
696 1078 833 1119 frater
866 1078 1029 1130 Guido,
1071 1078 1366 1120 miseratione
1398 1078 1557 1119 diuina
1591 1078 1710 1118 tituli
1742 1078 1887 1119 sancti
1922 1078 2160 1131 Laurencij

505 1151 551 1190 in
571 1150 747 1191 Lucina
773 1151 996 1204 presbiter
1021 1151 1284 1203 cardinalis,
1317 1151 1568 1204 apostolice
1601 1150 1721 1191 sedis
1746 1151 1935 1203 legatus,
1968 1151 2162 1191 salutem

504 1222 551 1263 in
584 1223 788 1265 domino.
844 1224 989 1277 Super
1022 1224 1217 1264 diuersis
1251 1228 1293 1264 et
1325 1223 1466 1277 uarijs
1499 1223 1851 1276 grauaminibus
1883 1236 1938 1264 ac
1969 1223 2164 1278 iniurijs,

504 1296 714 1349 personis
747 1301 788 1337 et
820 1297 957 1337 rebus
991 1296 1255 1350 monasterij
1292 1297 1405 1338 Care
1430 1296 1584 1337 Insule
1611 1296 1942 1350 Cysterciensis
1974 1296 2162 1349 ordinis,

505 1373 654 1410 uestre
693 1370 916 1422 dyocesis,
965 1382 988 1409 a
1031 1369 1166 1409 uobis
1210 1373 1250 1410 et
1283 1369 1384 1410 aliis
1418 1369 1556 1410 uestri
1590 1369 1834 1410 occasione
1867 1369 1978 1409 olim
2010 1369 2160 1422 illatis,

504 1453 598 1481 non
631 1441 797 1481 excidit
822 1454 847 1481 a
871 1445 1027 1481 nostra
1060 1441 1299 1493 memoria,
1333 1427 1457 1495 <nos>
1490 1441 1782 1493 hortatorias,
1817 1441 2088 1483 monitorias
2121 1445 2162 1482 et

504 1513 756 1565 rogatorias
789 1514 920 1554 vobis
953 1513 1125 1554 litteras
1157 1514 1431 1565 destinasse;
1473 1526 1671 1568 quarum
1705 1513 1741 1554 si
1774 1513 1932 1554 fideles
1963 1514 2160 1555 fuissetis

503 1584 785 1638 interpreteS,
810 1598 1061 1638 earumque
1079 1571 1260 1639 (uerba)
1284 1587 1342 1626 ad
1365 1586 1646 1626 intellectum
1672 1585 1879 1625 debitum
1903 1585 2159 1638 duxissetis,

505 1661 545 1697 et
592 1657 789 1711 querele,
838 1656 899 1696 uti
947 1670 1115 1711 remur,
1163 1658 1357 1699 fratrum
1404 1658 1612 1712 ipsorum
1662 1662 1704 1697 et
1750 1658 2038 1711 subsequens
2078 1658 2161 1699 hec

503 1730 764 1771 adhortatio
798 1733 954 1770 nostra
994 1729 1184 1771 minime
1225 1731 1533 1784 processisset.
1598 1730 1685 1771 Sed
1724 1731 1815 1771 heu
1853 1730 1957 1771 illos
1997 1730 2160 1771 adhor-

503 1802 589 1843 tari
630 1802 955 1855 compellimur
993 1802 1211 1857 ipsosque
1254 1817 1278 1843 a
1318 1803 1611 1845 subditorum
1644 1803 1960 1856 persecutione
1993 1816 2158 1853 arcere,

503 1876 581 1930 qui
621 1875 840 1915 deberent
879 1888 976 1915 esse
1016 1874 1164 1915 forma
1204 1876 1350 1960 gregis
1389 1876 1437 1917 in
1477 1876 1650 1929 populo
1690 1875 1775 1916 sibi
1810 1875 2009 1927 subdito,
2057 1888 2157 1916 eum

503 1948 560 1988 ab
608 1948 805 1988 aliorum
854 1948 1103 2000 rapacitate
1148 1953 1340 1991 tuentes.
1414 1949 1720 2002 Quapropter,
1769 1947 1872 1989 licet
1915 1947 1961 1988 in
2004 1948 2157 2003 aliquo

503 2024 652 2061 uestra
687 2020 807 2060 circa
841 2021 1071 2074 predictos
1104 2021 1265 2062 fratres
1291 2021 1548 2075 persecutio
1574 2020 1839 2075 quieuisset,
1872 2021 1980 2075 quia
2004 2025 2157 2061 tamen

503 2097 707 2145 pretextu
740 2093 1019 2134 uisitationis
1052 2094 1098 2133 in
1130 2094 1277 2134 feodis
1310 2095 1658 2148 procurationes
1698 2093 1756 2133 ab
1789 2093 1853 2134 eis
1886 2093 2075 2145 exigere,
2118 2097 2157 2134 et

502 2165 681 2205 utinam
728 2179 821 2206 non
869 2169 1151 2219 extorquere,
1201 2167 1408 2221 aliasque
1453 2166 1735 2219 intemptetis
1782 2166 1906 2219 ipsos
1952 2177 2156 2218 grauare,

503 2237 712 2289 cogimur
743 2251 828 2278 uos
860 2239 1014 2278 adhuc
1046 2240 1295 2280 hortatorie
1327 2239 1514 2293 alloqui,
1552 2238 1748 2292 experiri
1782 2238 2000 2287 uolentes,
2047 2237 2154 2292 quid

503 2311 705 2351 secunda
727 2321 831 2362 erga
857 2323 939 2351 uos
965 2315 1122 2352 nostra
1148 2312 1341 2353 monitio
1368 2315 1593 2365 operetur.
1643 2307 1998 2351 Prouidenciam
2024 2306 2156 2359 igitur

503 2386 703 2423 uestram
728 2383 794 2423 sic
815 2383 986 2435 iugiter,
1009 2383 1075 2424 sic
1097 2385 1304 2425 consulte
1326 2395 1544 2436 rogamus
1567 2382 1735 2437 pariter
1758 2386 1798 2423 et
1821 2383 2074 2432 hortamur,
2097 2383 2154 2431 vt,

502 2453 539 2494 si
572 2467 660 2507 qua
695 2467 775 2508 per
807 2456 972 2496 erroris
1005 2456 1261 2496 anfractum
1298 2469 1378 2497 seu
1403 2456 1678 2509 quorumuis
1702 2455 1985 2506 instinctum,
2018 2465 2153 2507 quem

503 2526 548 2566 in
587 2527 755 2567 talibus
796 2528 1019 2569 obaudire
1063 2529 1251 2580 debetis,
1297 2530 1521 2570 hactenus
1560 2528 1810 2569 commissa
1850 2527 1976 2568 fuere
2017 2524 2153 2567 uestri

591 2625 623 2660 1.
648 2626 887 2672 magestatis
913 2624 977 2663 CS.
1043 2628 1164 2666 4—8.
1198 2627 1339 2663 omnia
1371 2626 1603 2664 rubricator
1628 2626 1776 2672 pinxit,
1811 2626 1998 2662 secundo
2022 2634 2154 2661 errore

503 2681 652 2717 iterans
680 2685 774 2728 post
804 2683 952 2729 abbas,
984 2684 1053 2720 sed
1081 2687 1220 2730 postea
1253 2685 1427 2731 scriptor
1456 2684 1532 2721 hoc
1564 2683 1730 2722 verbum
1763 2683 1917 2719 deleuit.
1982 2683 2042 2719 15.
2078 2692 2152 2717 nos

501 2738 654 2778 addidi.
720 2741 781 2776 17.
817 2741 947 2776 uerba
977 2739 1080 2790 (u2a)
1110 2742 1263 2778 addidi.
1330 2743 1391 2778 18.
1425 2742 1484 2778 uti
1508 2752 1653 2778 remur
1675 2740 1836 2786 scripsi3
1868 2740 2072 2776 miremur
2089 2736 2150 2775 CS.

502 2796 566 2831 21.
599 2795 735 2832 forma
767 2798 921 2844 gregis:
970 2798 1077 2834 Petri
1105 2799 1215 2845 epist.
1247 2799 1275 2844 I,
1311 2799 1348 2843 5,
1369 2799 1401 2835 3.
1492 2800 1674 2843 subdito,
1716 2808 1811 2833 eum
1851 2797 2013 2844 scripsi3
2059 2795 2152 2832 sub-

502 2852 617 2895 ditort
652 2853 716 2890 CS.
794 2856 855 2891 23,
890 2858 943 2891 tfn
982 2854 1047 2901 CS,
1094 2856 1203 2902 quod
1242 2859 1401 2901 tantum
1435 2856 1671 2903 significare
1701 2855 1819 2901 solet,·
1863 2854 1932 2890 sed
1961 2853 2037 2889 hoc
2068 2854 2151 2889 Ioco

500 2909 588 2945 sine
618 2909 741 2947 dubio
770 2923 847 2958 pro
879 2915 960 2952 taffi
992 2911 1057 2961 (z
1076 2911 1233 2960 tamen)
1262 2914 1459 2959 scriptum
1491 2916 1556 2950 est.
1619 2915 1684 2951 25.
1719 2914 1745 2947 ᾖ
1778 2912 1894 2948 utine
1920 2911 1984 2955 0³,
2016 2910 2150 2946 addito

499 2977 626 3012 supra
658 2970 684 3003 fi
714 2968 817 3015 siglo
837 2999 842 3005 .
862 2999 880 3011 .,
915 2970 1025 3015 quod
1054 2971 1141 3006 sine
1170 2970 1294 3007 dubio
1324 2970 1531 3017 siqnificat
1568 2970 1686 3008 verba
1723 2982 1805 3007 esse
1837 2967 2148 3014 transponenda.

501 3035 564 3071 28.
584 3030 617 3084 ¹g
650 3040 836 3072 uestram
869 3038 931 3073 sic
962 3030 982 3083 ὲ
1014 3038 1075 3074 sic
1106 3039 1298 3075 consulte
1331 3037 1396 3084 CS,
1438 3039 1605 3076 correxi.
1683 3040 1745 3077 30.
1779 3040 1986 3078 obaudire
2017 3039 2082 3076 hic
2102 3052 2144 3069 z

502 3104 585 3131 non
619 3094 766 3131 audire
796 3093 1103 3145 (mverhorffl).
