2242 3551
452 209 686 238 Exonva
719 209 997 239 MONASTERn
1030 210 1159 238 CARAE
1192 210 1364 238 1NSVLAE
1653 202 1730 239 201

84 326 308 368 fratribus.
371 324 507 374 Quod
548 323 684 364 etiam
733 335 839 363 cum
884 334 1052 375 magno
1092 324 1249 364 labore
1293 327 1334 363 et
1374 324 1544 365 sollerti
1586 329 1734 378 proui-

83 397 230 440 dentia
265 397 469 437 eiusdem
504 395 612 436 boni
646 395 731 436 viri
764 408 817 436 ex
850 400 975 448 parte
1009 396 1218 436 videmus
1252 396 1344 436 iam
1378 399 1659 451 completum
1695 405 1736 440 ct

84 485 135 512 ex
166 473 272 520 toto,
305 481 410 509 cum
444 469 557 508 deus
590 468 797 516 voluerit,
833 468 1180 521 perficiendum.
1231 469 1279 509 In
1316 470 1476 522 primis
1507 471 1734 525 siquidem

83 543 297 584 translato
331 541 522 581 fratrum
555 540 841 592 dormitorio,
874 541 919 581 in
951 543 1112 582 eodem
1140 541 1243 582 fecit
1269 542 1403 582 nobis
1430 543 1736 594 refectorium,

82 616 156 657 vbi
216 614 433 655 fratribus
485 613 704 654 omnibus
761 613 976 654 victualia
1033 615 1342 655 communiter
1403 615 1735 658 ministrantur.

82 691 210 730 Anno
250 687 386 739 igitur
425 686 756 727 incarnationis
798 686 1031 727 dominice
1072 677 1177 728 ἦρος.
1215 687 1600 742 quinquagesimo
1643 703 1735 742 sep-

82 762 205 812 timo,
237 759 281 800 in
315 759 466 811 vigilia
501 759 726 801 Omnium
747 759 1037 811 Sanctorum,
1069 760 1127 800 ad
1156 772 1370 813 vesperas
1394 773 1498 801 cum
1524 758 1535 814 Η
1561 775 1738 814 proces-

83 834 219 884 sione,
267 832 633 886 precedentibus.
681 836 726 873 vt
767 832 909 873 moris
951 835 1030 883 est,
1075 833 1305 881 crucibus,
1346 833 1656 876 luminaribus
1698 840 1739 876 et

81 905 328 956 turribulis,
376 906 431 946 de
472 905 608 946 veteri
649 905 840 946 ecclesia
873 918 1036 946 omnes
1068 909 1333 946 sanctorum
1367 906 1585 960 reliquias
1618 909 1738 949 leua-

82 979 232 1020 uimus
271 981 313 1018 et
350 979 406 1018 ad
450 991 622 1019 nouam
662 978 902 1019 ecclesiam
950 978 996 1018 in
1037 991 1150 1019 uoce
1193 979 1497 1020 exultantium
1540 984 1582 1021 et
1621 995 1736 1022 sono

82 1051 416 1092 monachorum
450 1050 747 1091 iubilantium
787 1051 1055 1103 honorifice,
1103 1055 1148 1091 vt
1187 1051 1353 1103 decuit,
1404 1053 1737 1105 transtulimus,

81 1127 284 1178 presente
323 1123 516 1164 domino
557 1124 605 1164 L.
640 1123 970 1165 archidiacono
1003 1122 1303 1177 Arusiense(!)
1343 1125 1593 1178 multisque
1636 1126 1736 1167 aliis

81 1196 312 1238 nobilibus
370 1196 600 1249 personis,
662 1209 860 1251 quarum
923 1197 1015 1238 iam
1074 1197 1286 1237 omnium
1341 1197 1586 1238 nominum
1643 1213 1736 1240 non

79 1269 303 1311 recordor.
396 1270 509 1310 Item
567 1272 789 1323 quantam
845 1270 1142 1311 deuotionem
1201 1274 1242 1311 et
1294 1270 1622 1322 benignitatem
1679 1273 1736 1312 ad

80 1345 357 1383 conuentum
392 1355 529 1382 suum
563 1342 783 1383 dominus
815 1342 960 1383 abbas
993 1344 1190 1395 Asgotus
1224 1342 1447 1395 habuerit,
1480 1344 1738 1385 ostenditur

81 1428 132 1456 ex
164 1419 318 1455 tenore
350 1414 620 1463 litterarum,
653 1428 741 1468 que
774 1419 1014 1457 secuntur:

163 1489 188 1538 †
229 1487 490 1528 »Vniuersis
531 1487 699 1529 Christi
740 1488 953 1529 fidelibus
1001 1489 1085 1529 hec
1124 1488 1293 1542 scripta
1340 1490 1649 1542 cernentibus,
1697 1495 1738 1531 et

81 1561 291 1614 precipue
324 1561 533 1614 personis
560 1560 889 1613 Cysterciensis
921 1561 1112 1613 ordinis,
1144 1562 1281 1602 frater
1301 1562 1378 1614 .A.,
1411 1561 1561 1603 dictus
1592 1563 1737 1604 abbas

82 1633 190 1675 Care
229 1633 396 1685 Insule,
443 1633 637 1673 salutem
686 1633 733 1674 in
780 1634 991 1674 omnium
1035 1634 1278 1675 saluatore.
1343 1635 1408 1675 Ne
1450 1635 1666 1675 labantur
1711 1649 1736 1676 a

82 1705 313 1758 memoria,
360 1719 447 1760 que
489 1710 708 1758 geruntur
741 1707 787 1747 in
819 1711 1040 1760 tempore,
1087 1706 1340 1747 litterarum
1376 1708 1523 1748 solent
1555 1707 1737 1749 indiciis

81 1782 119 1820 et
165 1778 392 1819 bonorum
441 1779 718 1820 testimoniis
766 1779 1045 1821 confirmari.
1140 1780 1250 1820 Inde
1305 1784 1392 1831 est,
1450 1781 1574 1834 quod
1622 1781 1737 1822 scire

81 1851 292 1892 volumus
323 1855 418 1892 tam
451 1856 685 1905 presentes
717 1865 858 1906 quam
893 1857 1115 1906 posterOS,
1163 1866 1248 1894 nos
1289 1866 1427 1894 vnam
1470 1854 1644 1894 curiam
1690 1854 1736 1894 in

82 1924 408 1977 Glappethwaet
448 1927 490 1965 et
520 1924 660 1965 aliam
694 1925 871 1965 curiam
904 1924 951 1965 in
987 1926 1317 1978 Haghaethwet,
1365 1939 1506 1979 quam
1545 1926 1736 1980 quidam

81 2009 330 2038 conuersus
363 1998 530 2038 domus
563 2002 717 2038 nostre
749 1998 805 2038 de
839 2011 922 2039 suo
956 1999 1142 2051 proprio
1176 2003 1361 2051 emerat,
1409 1999 1528 2050 olaf,
1577 1999 1737 2049 Quiter

80 2070 363 2122 cognomine,
410 2070 489 2124 qui
537 2073 578 2110 et
621 2082 722 2110 eam
762 2071 889 2124 prius
931 2083 1037 2111 cum
1086 2075 1242 2112 nostra
1289 2071 1472 2112 licentia
1519 2071 1735 2112 fratribus

81 2141 402 2194 assignauerat,
450 2155 556 2183 cum
604 2143 823 2184 omnibus
870 2144 1002 2185 dictis
1050 2144 1188 2185 curiis
1228 2144 1542 2196 attinentibus,
1592 2144 1748 2197 siluis,

1253 2205 1407 2224 0000

80 2213 219 2265 terris,
252 2215 470 2256 domibus
503 2219 544 2256 et
576 2217 833 2269 pecoribuS,
866 2230 989 2257 anno
1022 2216 1200 2257 domini
1232 2226 1448 2269 .M.CC.l.vu.,
1481 2230 1572 2270 quo
1597 2221 1737 2258 trans-

81 2285 221 2327 latum
262 2291 328 2328 est
366 2288 619 2329 claust1··1m
660 2293 870 2330 nostrum
909 2290 963 2329 de
1004 2289 1144 2330 veteri
1185 2289 1231 2329 in
1273 2302 1445 2330 nouam
1480 2290 1735 2343 ecclesiam,

165 2451 199 2487 2.
233 2451 333 2487 boni
364 2463 453 2499 sup.
489 2463 520 2489 υ.
554 2453 644 2489 add.
679 2464 730 2489 m.
764 2454 800 2490 5.
866 2455 901 2491 7.
935 2453 1009 2490 sub
1042 2454 1123 2490 imo
1153 2452 1223 2499 fol.
1260 2454 1328 2489 27Γ
1360 2465 1475 2490 versu
1508 2453 1594 2489 Iioec
1626 2457 1734 2499 notu,

82 2517 219 2554 manu,
253 2511 296 2545 ut
326 2509 495 2559 videtur,
527 2510 699 2556 septima
725 2512 888 2557 scriptu,
925 2511 1152 2548 inuenitur:
1186 2512 1360 2557 quintus
1389 2511 1579 2547 decimus
1605 2511 1736 2548 abbas

81 2563 282 2602 iohannes
315 2567 460 2603 dovaer
492 2571 626 2605 natus.
662 2569 733 2614 qui
767 2569 903 2605 tribus
936 2568 1099 2605 vicibus
1132 2569 1298 2614 prefuit.
1328 2565 1332 2619 Ι
1361 2572 1503 2605 sextus
1536 2569 1735 2605 decimus.

81 2621 288 2669 dompnus
306 2624 490 2661 boecius.
509 2625 714 2672 septimus
733 2627 923 2662 decimus
941 2624 1128 2674 abbaso&
1145 2626 1344 2662 dominus
1362 2627 1490 2662 thuro
1519 2627 1523 2670 l
1552 2637 1734 2672 quorum

83 2689 217 2717 mores
249 2684 288 2717 et
317 2684 431 2728 gesta
464 2682 685 2719 habentur.
714 2680 718 2733 Ι
748 2683 829 2720 Fol.
853 2683 906 2720 27
937 2684 1109 2720 omnino
1141 2683 1248 2719 male
1279 2683 1464 2719 habitum
1496 2685 1575 2729 est,·
1614 2694 1736 2719 mem-

82 2733 207 2773 brana
253 2738 362 2775 enim
408 2738 568 2775 duabus
614 2741 778 2787 magmis
816 2741 1014 2786 scissuris,
1059 2742 1198 2787 postea
1246 2751 1382 2776 crasso
1427 2740 1497 2786 filo
1543 2741 1734 2789 consutis,

81 2796 197 2839 rupta
237 2798 300 2832 est.
360 2796 408 2832 In
445 2796 547 2842 folio
579 2797 648 2833 27r
693 2797 800 2834 nihil
846 2801 966 2834 antea
1011 2799 1208 2845 scriptum
1254 2797 1400 2842 fuerat,
1447 2798 1517 2834 sed
1556 2798 1597 2833 in
1635 2797 1734 2843 folio

84 2860 190 2887 verso
222 2853 263 2889 in
297 2853 376 2889 illis
408 2854 516 2897 locis,
565 2853 634 2890 ubi
671 2857 822 2891 suturoe
865 2856 1134 2902 reperiuntur,
1183 2857 1402 2901 supersunt
1433 2855 1598 2901 vestiyiu
1632 2856 1735 2891 unti—

82 2908 230 2952 quioris
254 2911 476 2957 scripturoe,
511 2911 535 2947 7
561 2912 622 2947 vel
645 2912 669 2947 8
703 2913 918 2948 versiculos
949 2913 1185 2958 occupantis
1196 2926 1209 2958 ;
1240 2912 1318 2947 hac
1349 2923 1466 2948 erasa
1492 2911 1734 2948 membrana

82 2963 243 3002 discissa
267 2970 332 3004 est.
380 2967 516 3004 Etiam
550 2969 591 3004 in
624 2969 768 3015 infima
797 2972 915 3016 parte
945 2969 1016 3016 fol.
1047 2969 1120 3005 27⁰
1151 2969 1339 3016 quoedam
1372 2969 1522 3015 scripta
1552 2969 1732 3015 fuerunt,

83 3031 168 3066 ‹111oe
211 3035 322 3060 nunc
364 3025 489 3071 plane
527 3036 643 3062 erasa
689 3029 794 3062 sunt.
874 3028 1050 3063 10—11.
1086 3027 1126 3063 in
1162 3026 1617 3071 uoce..iubilantium,
1663 3027 1732 3073 cfr.

84 3076 226 3116 Psalm.
258 3081 376 3128 46,2.

1764 627 1782 655 5

1765 770 1838 802 1³01,
1855 768 1927 803 27v.

1766 990 1805 1021 10

1766 1354 1806 1385 15

1764 1719 1806 1750 20

1763 2081 1804 2112 25
