2242 3551
602 189 744 216 VETVS
777 187 1004 216 CHRONICA
1038 188 1275 216 SIALANDIE
1706 176 1759 214 29

107 305 334 345 audiatur.
428 303 578 353 Quam
638 314 743 342 vero
790 301 938 341 fidelis
986 301 1229 341 cuiuslibet
1277 301 1348 353 pie
1396 300 1760 340 conuersationis

111 376 458 418 commendator
490 374 623 414 fuerit
652 378 693 414 et
718 374 913 423 adiutor,
944 373 1293 413 ‘exhortatorius
1318 374 1374 412 ad
1397 373 1560 413 Milites
1580 372 1759 424 Temtpli

110 450 233 489 liber'
275 449 451 497 edocet;
500 460 639 500 quam
687 459 778 486 non
820 446 1025 497 ingratus
1072 446 1212 496 gratie
1255 445 1341 495 dei,
1389 445 1502 485 liber
1550 444 1647 485 eius
1692 445 1761 484 ‘de

111 522 253 561 libero
299 520 486 560 arbitrio
535 523 576 560 et
621 519 774 571 gratia⁷
822 518 1043 567 declarat;
1100 531 1240 571 quam
1288 517 1402 557 liber
1450 530 1572 567 voce,
1620 530 1759 570 quam

111 594 333 634 discretus
358 596 400 632 et
425 592 470 631 in
498 605 652 632 rerum
679 590 969 644 superiorum
994 589 1162 643 pariter
1186 590 1547 642 inferiorumque
1573 589 1759 629 scientia
1788 597 1806 627 5

110 666 329 719 locuples,
376 665 421 704 in
469 664 597 704 libris
644 664 861 718 quinque,
909 676 1025 716 quos
1070 663 1140 703 ‘ad
1188 675 1357 715 papam
1400 662 1656 714 Eugenium
1706 661 1761 701 de

111 737 486 778 consideratione'
521 736 714 790 scripsit,
762 736 955 787 diligens
993 734 1308 775 considerator
1340 738 1574 786 agnoscet3
1621 746 1758 787 quam

111 810 437 850 deuotissimus
470 809 728 863 predicator
759 808 906 848 aliene
939 807 1205 860 sanctitatis,
1238 807 1364 855 liber,
1401 820 1537 861 quern
1570 807 1638 846 cde
1671 806 1760 846 vita

112 883 255 923 sancti
300 882 524 923 Malachie
569 881 783 935 episcopi'
832 880 1026 933 scripsit,
1073 880 1282 921 ostendit.
1348 880 1396 919 In
1444 879 1760 922 ‘sermonibus'

111 968 217 995 vero
241 959 392 1008 ‘super
410 955 608 996 Cantica‘
634 955 873 1006 indagator
899 954 1223 1006 mysteriorum
1250 956 1291 993 et
1316 965 1498 992 morum
1526 951 1761 992 edificator
1790 960 1830 990 10

111 1027 384 1079 magnificus
429 1027 693 1074 innotescit;
756 1026 963 1066 similiter
1008 1026 1054 1066 in
1100 1025 1407 1066 ‘sermonibus
1454 1038 1611 1078 super:
1671 1024 1761 1074 Qui

112 1100 310 1141 habitat'.
375 1101 424 1141 In
457 1100 699 1153 “epistolis'‚
746 1112 860 1153 quas
901 1099 954 1139 ad
991 1098 1197 1138 diuersas
1230 1110 1450 1151 personas
1482 1098 1541 1138 ob
1574 1097 1760 1148 negocia

112 1173 293 1213 diuersa
325 1173 528 1224 dictauit,
575 1174 778 1226 prudens
811 1172 950 1212 lector
982 1172 1199 1222 aduertet,
1240 1183 1331 1224 quo
1364 1169 1543 1210 feruore
1577 1169 1762 1223 spiritus

111 1245 339 1285 iusticiam
387 1259 570 1286 omnem
620 1245 840 1292 dilexerit,
888 1257 1072 1284 omnem
1123 1257 1236 1298 eque
1284 1243 1429 1283 oderit
1468 1242 1761 1282 iniusticiam.

114 1319 280 1359 Fidelis
314 1319 435 1359 enim
470 1331 630 1359 seruus
664 1317 830 1358 Christi
864 1330 955 1357 non
990 1317 1208 1370 querebat
1240 1315 1414 1370 aliquid
1448 1329 1607 1365 suum,
1640 1314 1762 1367 quic·
1790 1323 1831 1353 15

112 1391 220 1444 quid
255 1395 409 1431 tamen
443 1395 538 1432 erat
570 1391 753 1438 Christi,
801 1390 865 1430 sic
898 1389 1087 1430 curabat
1119 1392 1169 1429 ut
1201 1402 1351 1428 suum.
1416 1389 1587 1428 Mestus
1619 1388 1677 1428 ab
1711 1400 1763 1427 eo

113 1463 350 1515 solacium,
383 1464 580 1504 afflictus
610 1463 848 1512 auxilium,
882 1462 1127 1502 consilium
1154 1461 1333 1513 anxius,
1366 1473 1468 1512 eger
1493 1460 1762 1511 remedium,

112 1549 286 1589 pauper
328 1536 586 1577 subsidium
620 1535 893 1589 reportabat.
957 1535 1060 1586 Quo
1104 1538 1311 1587 presente
1352 1533 1504 1574 omnis
1547 1532 1763 1573 sanctitas

113 1609 356 1661 exultabat,
396 1611 548 1650 omnis
581 1608 879 1649 erubescebat
910 1607 1135 1661 impietas,
1180 1607 1305 1646 iuxta
1338 1606 1471 1646 illud:
1518 1605 1765 1646 ‘Videbunt

112 1683 220 1723 recti
268 1687 310 1723 et
356 1682 631 1732 letabuntur,
679 1685 720 1720 et
767 1681 919 1721 omnis
966 1680 1184 1734 iniquitas
1231 1679 1455 1732 oppilabit
1501 1691 1552 1719 os
1599 1681 1760 1718 suum'.
1788 1686 1831 1717 20

113 1755 227 1805 Quis
266 1756 413 1796 valeat
459 1754 684 1806 estimare,
731 1753 914 1806 quantis
953 1753 999 1793 in
1043 1751 1444 1793 secularihabitu
1489 1754 1531 1791 et
1576 1762 1763 1790 conuer-

113 1827 287 1868 satione
334 1827 647 1878 manentibus,
695 1826 879 1879 quantis
926 1826 1062 1866 etiam
1110 1825 1314 1866 virorum
1362 1827 1441 1864 aut
1486 1823 1762 1863 feminarum

113 1900 543 1952 congregationibus
590 1912 669 1952 per
716 1899 854 1939 huius
893 1898 1041 1938 fidelis
1080 1897 1242 1937 famuli
1289 1896 1596 1937 ministerium
1641 1896 1764 1935 dedit

113 1973 226 2013 deus
258 1972 555 2026 penitentiam
591 1977 632 2012 et
664 1971 889 2012 salutem?
933 1975 1013 2010 aut
1050 1970 1152 2023 quis
1185 1973 1394 2009 numeret
1428 1981 1518 2019 eos,
1566 1968 1644 2021 qui
1678 1968 1762 2007 sub

114 2045 210 2085 eius
243 2058 351 2086 cura
383 2045 429 2085 in
459 2049 642 2086 centum
667 2044 899 2096 sexaginta
922 2042 1213 2095 monasterijs
1235 2055 1314 2095 per
1338 2041 1408 2081 dei
1434 2040 1760 2093 benignitatem
1788 2049 1829 2079 25

113 2119 170 2158 ad
203 2118 500 2171 penitentiam
535 2123 642 2157 sunt
673 2116 889 2157 adducti‘?
936 2116 1053 2155 N-am
1088 2128 1141 2154 ex
1171 2115 1243 2154 his
1276 2114 1398 2164 solis,
1430 2113 1509 2168 qui
1543 2112 1762 2166 speciales

114 2190 210 2230 eius
241 2189 319 2243 filij
354 2190 641 2241 videbantur,
688 2194 835 2242 preter
867 2201 958 2240 eos,
998 2187 1076 2241 qui
1108 2188 1200 2227 iam
1234 2199 1420 2227 cursum
1453 2186 1542 2226 vite
1575 2185 1763 2224 feliciter

114 2267 564 2314 consummauerant,
612 2262 772 2303 eadem
805 2261 890 2312 die,
938 2273 1027 2313 qua
1061 2259 1353 2301 felicissimus
1386 2262 1512 2311 pater
1544 2270 1596 2297 ex
1630 2257 1761 2298 Clara

113 2336 228 2377 valle
267 2339 471 2376 montem
504 2336 748 2375 ascendere
781 2333 948 2373 meruit
979 2333 1234 2382 clariorem,
1280 2330 1463 2384 reliquit
1502 2329 1761 2369 habitantes

112 2408 159 2448 in
199 2421 248 2449 ea
296 2408 602 2461 septingentas
634 2407 774 2447 ferme
808 2406 985 2445 animas
1019 2406 1104 2445 deo
1137 2403 1398 2445 seruientes.
1462 2402 1583 2452 Quid
1626 2401 1761 2453 igitur
1787 2410 1829 2441 30

114 2481 297 2529 mirum,
345 2481 381 2520 si
421 2479 446 2533 †
479 2484 633 2531 gratus
674 2479 798 2520 curie
842 2491 933 2518 non
967 2481 1180 2530 acceptus
1213 2476 1304 2527 regi
1337 2475 1374 2515 si
1407 2478 1622 2527 exceptus
1654 2486 1759 2513 cum

201 2637 235 2672 4.
267 2637 374 2672 liber
406 2637 446 2671 in
480 2646 582 2671 voce
614 2635 657 2670 A.
730 2635 763 2670 5.
796 2634 978 2669 disertus
1011 2633 1042 2668 Α
1074 2631 1230 2667 rectius.
1306 2630 1483 2665 11—12.
1518 2629 1759 2664 similiter..

116 2693 275 2729 habitat
299 2704 376 2729 om.
394 2695 437 2729 Α.
501 2693 676 2728 11—12.
704 2692 782 2735 Qui
808 2691 987 2726 habitat:
1020 2689 1169 2724 Psalm.
1191 2688 1301 2733 90,1.
1369 2688 1428 2722 15.
1457 2697 1539 2721 non
1558 2686 1760 2732 querebat

115 2750 272 2797 aliquid
321 2762 467 2786 suum:
516 2749 586 2795 cfr.
635 2748 814 2785 Corinth,
846 2748 875 2791 I,
924 2746 985 2790 10,
1004 2746 1078 2788 244
1126 2745 1186 2788 13,
1208 2745 1242 2781 5.
1324 2745 1383 2779 19.
1417 2744 1624 2778 Videbunt
1665 2745 1759 2777 etc:

114 2806 261 2843 Psalmi
297 2807 467 2851 106,st
543 2806 721 2842 23—24.
763 2806 876 2841 dedit
915 2803 1112 2839 dominus
1152 2803 1196 2838 Α.
1276 2802 1338 2837 24.
1378 2811 1468 2846 pen.
1510 2800 1559 2835 ad
1604 2800 1675 2834 sal.
1714 2799 1757 2836 Α.

118 2864 180 2900 30.
213 2865 384 2899 domino
417 2865 648 2900 seruientes
680 2863 723 2898 Α.
785 2863 848 2898 31.
881 2861 996 2896 curie
1029 2860 1062 2895 si
1096 2862 1293 2905 acceptus
1325 2859 1377 2898 Α;
1421 2856 1538 2892 vel-ba
1570 2857 1759 2901 corrupta

114 2920 204 2965 fort.
251 2921 307 2956 sic
345 2921 585 2966 corriqenda
628 2921 738 2955 sunl:
786 2920 818 2954 si
866 2921 1007 2964 gratus
1049 2917 1164 2951 curie
1206 2925 1390 2950 necnon
1439 2917 1635 2959 acceptus
1675 2913 1758 2956 regi

115 2975 210 3025 (scil.
243 2977 401 3025 celesti)
432 2979 475 3013 is
507 2980 730 3023 exceptus.
751 2976 982 3016 .credatur,
1015 2975 1055 3008 in
1090 2984 1173 3019 qno
1208 2977 1281 3007 etc.
