2242 3551
472 190 553 229 332
814 197 1089 226 SCRIPTORES
1122 196 1349 225 Hisrofllffi
1382 196 1558 224 DANlcAE
1591 196 1789 225 M1NonEs

473 313 798 367 predicatores,
855 315 897 352 et
943 311 1165 351 incensa
1212 309 1323 361 igni
1376 308 1701 363 (tribulationis
1750 314 1793 350 et
1838 306 2019 362 erroris)
2064 320 2126 348 ac

472 386 710 426 suffossa
765 382 951 437 (scilicet
1003 396 1028 422 a
1084 395 1189 423 vera
1237 382 1327 422 fide
1374 380 1631 435 destructa).
1726 383 1900 423 Idcirco
1947 393 2122 435 precor,

471 458 658 498 domine
696 457 809 496 deus
847 456 1082 507 virtutum,
1124 459 1171 495 vt
1208 455 1295 508 ipsi
1335 455 1521 495 heretici
1562 455 1821 508 peribunt
1859 455 1924 495 ab
1959 454 2131 494 incre--

472 530 692 583 patione
724 529 911 569 vultus
943 528 1022 568 tui
1054 526 1159 581 (hoc
1190 531 1272 568 est:
1316 527 1400 577 fac,
1441 528 1628 567 domine
1662 528 1775 568 deus
1807 527 2043 577 virtutum,
2078 529 2122 565 vt

427 613 446 643 5
472 603 537 642 illi
580 602 681 642 falsi
721 601 1030 654 predicatores
1068 604 1255 653 pereant
1294 600 1352 640 ab
1392 600 1705 653 increpatione
1738 604 1779 640 et
1810 598 2126 651 indignatione

472 675 624 715 vultus
655 674 719 714 ire
751 671 855 727 tue),
889 686 968 726 per
1001 672 1235 714 Christum
1268 674 1308 713 d.
1343 686 1385 713 n.
1450 673 1546 712 Hec
1579 673 1765 713 Psalmo
1798 674 1864 713 79.

310 770 461 803 Cod.W

328 824 449 859 fol.1‘.
479 819 738 873 Sequitur
800 818 1034 859 Cronica
1098 831 1191 858 seu
1254 818 1436 858 breuis
1499 830 1789 870 processus
1850 818 1901 858 in
1964 827 2127 857 causa

473 891 813 945 expulsionis
864 890 1088 943 fratrum
1145 890 1529 930 Minoritarum
1585 891 1646 931 de
1700 890 1812 930 suis
1866 888 2126 931 Cenobiis

612 964 896 1017 prouincie
930 963 1143 1004 Danice.
1179 967 1227 1003 et
1260 963 1436 1016 primo
1473 963 1715 1003 Prefatio
1749 963 1991 1003 eiusdem.

404 1083 445 1113 10
570 1035 787 1112 Iudicia
835 1070 917 1110 dei
966 1070 1185 1110 abissus
1232 1070 1411 1110 multa.
1467 1070 1669 1119 (Psalmo
1708 1069 1909 1120 XXXV).
1973 1068 2124 1118 Quam

472 1157 575 1184 vera
617 1143 707 1183 sint
744 1143 828 1183 ista
868 1142 1042 1196 prefata
1081 1143 1426 1196 psalmographi
1460 1143 1612 1194 verba,
1660 1155 1843 1183 cernere
1882 1144 1948 1182 est
1986 1153 2126 1194 quam

471 1215 834 1256 luculentissime
867 1219 1023 1255 nostra
1051 1216 1151 1267 hac,
1184 1216 1301 1268 proh
1325 1216 1470 1263 dolor,
1502 1215 1819 1256 infelicissima
1845 1217 2133 1267 tempestate„

471 1289 517 1329 in
565 1301 654 1342 qua
695 1288 834 1341 opido
882 1300 1022 1341 quam
1063 1287 1321 1328 miserrima
1361 1288 1623 1328 Lutherane
1670 1287 1883 1328 factionis
1930 1285 2128 1339 grassari

472 1361 753 1414 conspicitur
787 1361 1082 1413 peruersitas,
1129 1361 1222 1415 qui,
1271 1373 1506 1401 sacrarum
1540 1359 1792 1400 litterarum
1827 1360 2127 1412 interpretum

405 1447 445 1477 15
471 1447 576 1474 vera
623 1434 779 1474 relicta
827 1433 1130 1486 expositione,
1186 1434 1432 1485 nephande
1472 1433 1746 1473 ‘retorsionis
1794 1432 2125 1486 scripturarum

473 1506 668 1547 conficta
702 1506 897 1546 versutia
931 1519 1068 1545 suum
1101 1505 1316 1559 primitus
1348 1505 1613 1545 imbibitum
1645 1519 1844 1546 errorem
1877 1504 2132 1554 mordicus,

473 1579 517 1618 in
552 1579 623 1618 sui
655 1582 697 1619 et
729 1578 925 1618 aliorum
954 1579 1436 1631 condempnationem,
1470 1582 1673 1618 astruere
1698 1582 1902 1631 pergunt.
1953 1578 2126 1617 Eorum

473 1651 595 1692 enini
649 1651 1035 1691 mendacissimus
1088 1652 1322 1703 magister,
1385 1650 1610 1691 Martinus
1667 1651 1914 1702 Lutherus,
1976 1649 2128 1702 primo

472 1723 666 1763 asseruit
713 1723 859 1763 solam
907 1723 1118 1764 sufficere
1165 1725 1220 1763 ad
1270 1724 1463 1763 salutem
1513 1723 1673 1774 fidem,
1733 1736 1927 1777 eamque
1980 1722 2126 1762 solam

404 1808 446 1840 20
473 1796 749 1846 curandam,
806 1799 852 1835 vt
898 1800 1179 1847 augesceret3
1236 1809 1374 1849 opera
1422 1809 1529 1836 vero
1578 1796 1674 1835 fieri
1722 1796 1886 1836 debere
1934 1794 2129 1835 asseruit

472 1873 649 1908 tantum
688 1868 1006 1908 inortiticande
1039 1868 1189 1920 gracia
1223 1868 1388 1920 carnis,
1432 1868 1629 1921 proximi
1663 1881 1849 1922 quoque
1882 1866 2129 1907 edificandi

560 2027 653 2063 Post
691 2039 724 2064 l).
768 2028 791 2062 6
831 2027 902 2064 BC
942 2038 991 2063 eae
1026 2028 1126 2073 folio
1164 2029 1215 2063 W
1255 2029 1408 2063 amisso
1447 2028 1533 2063 hoec
1569 2027 1736 2064 habent:
1782 2028 1981 2074 Sequitur
2020 2027 2126 2062 ordo

473 2096 681 2120 annorum
730 2088 1018 2120 conuentuum
1068 2086 1402 2132 profligatorum.
1440 2083 1444 2123 Ι
1487 2085 1732 2121 Conuentus
1781 2084 2129 2130 Flensburgensis

472 2144 590 2178 Anno
632 2142 800 2178 Domini
843 2143 962 2178 1528.
999 2140 1003 2179 l
1040 2143 1284 2179 Conuentus
1318 2143 1602 2189 Viburgensis.
1643 2141 1647 2178 Ι
1683 2143 1927 2178 Conuentus
1966 2142 2128 2187 Tynde-

474 2195 663 2244 rensisl,
695 2201 731 2235 et
760 2200 817 2235 sic
846 2200 934 2235 sine
964 2211 1171 2235 annorum
1203 2201 1386 2235 numeris
1417 2199 1536 2235 ceteri
1564 2202 1788 2235 conuentus
1819 2200 2126 2243 enumerantur,

474 2257 543 2302 qui
579 2257 723 2292 deinde
768 2258 809 2292 in
849 2257 1021 2302 sinyulis
1059 2256 1182 2293 libelli
1220 2257 1419 2303 capitibus
1458 2257 1741 2301 nominantur,
1790 2256 1927 2292 eodem
1974 2255 2128 2300 ordine,

472 2314 555 2349 nisi
584 2314 692 2359 quod
723 2314 967 2350 Conuentus
985 2314 1348 2360 Trelleburgensis
1376 2317 1471 2361 post
1493 2314 1764 2350 Ystadensem
1798 2314 1961 2349 demum
1996 2314 2127 2348 Iocum

476 2370 605 2407 habel.
653 2371 747 2406 Hcec
779 2373 990 2417 tamquam
1025 2372 1186 2407 inutilia
1218 2371 1348 2407 omisi.
1401 2371 1496 2407 Post
1526 2371 1611 2407 haec
1642 2372 1778 2407 Arnas
1810 2371 1851 2406 in
1885 2371 1919 2407 C
1950 2369 2127 2415 scripsit:

479 2428 690 2464 Hactenus
738 2439 851 2464 nunc
893 2427 1038 2477 (1726)
1083 2429 1200 2464 deest
1235 2429 1277 2464 in
1323 2429 1478 2465 codice.
1541 2429 1700 2475 Nempe
1747 2428 1931 2474 primum
1980 2427 2126 2463 folium

475 2485 584 2521 libro
623 2486 851 2531 abruptum
892 2489 965 2530 est,
1011 2486 1126 2532 quod
1166 2485 1265 2521 olim
1306 2486 1450 2522 adfuit.
1526 2486 1558 2521 A
1599 2496 1632 2522 υ.
1666 2486 1688 2521 7
1733 2485 1875 2531 incipit
1904 2486 1968 2529 W,
2013 2484 2128 2520 cuius

471 2543 609 2588 prima
642 2545 835 2588 quattuor
861 2542 965 2588 folia
997 2543 1039 2578 in
1072 2542 1259 2589 maryine
1291 2543 1406 2578 valde
1437 2552 1554 2578 exesa
1586 2545 1691 2587 sunt,
1741 2543 1795 2578 ita
1838 2545 1881 2578 ut
1918 2541 2129 2577 nonnullae

475 2600 612 2635 Iitterae
646 2601 717 2635 aut
749 2602 838 2635 totoe
870 2611 981 2636 voces
1013 2599 1259 2643 interierint‚·
1305 2602 1411 2636 certa
1453 2602 1587 2635 tamen
1630 2599 1858 2635 coniectura
1886 2599 2129 2645 plerumque

428 2686 433 2689 ,
475 2657 627 2691 amissa
669 2656 851 2702 suppleri
882 2660 1056 2703 possunt
1100 2660 1137 2692 et
1182 2658 1264 2692 iam
1312 2656 1363 2692 ab
1401 2656 1514 2692 Arna
1551 2657 1735 2702 suppleta
1772 2659 1878 2701 sunt,
1928 2667 2017 2702 quoe
2061 2655 2130 2690 Ju’c

478 2713 613 2749 litteris
656 2714 863 2750 inclinatis
893 2715 1059 2760 siynaui
1094 2713 1155 2762 (ut
1186 2725 1218 2749 1).
1251 2715 1275 2749 8
1302 2713 1411 2759 frm3
1458 2725 1491 2750 v.
1526 2714 1549 2750 9
1578 2712 1829 2762 prouincie);
1877 2712 1945 2749 ubi
1975 2713 2128 2748 incerta

477 2780 537 2805 res
569 2772 635 2813 est,
669 2773 723 2806 tot
750 2774 903 2816 puncta
932 2771 1064 2817 posui,
1099 2773 1196 2817 quot
1226 2771 1365 2806 litlerae
1395 2771 1531 2807 abesse
1564 2770 1759 2807 uidentur.
1829 2771 1862 2806 9.
1896 2781 1941 2806 e.
1964 2770 2128 2814 ..wss;

474 2829 573 2872 puto
611 2827 738 2873 fuisse
776 2829 945 2875 mox:
968 2829 1169 2871 eiusdem,
1216 2831 1259 2863 ut
1288 2828 1423 2863 Arnas
1463 2828 1503 2863 in
1544 2827 1578 2864 C
1616 2828 1844 2873 scripserat,
1891 2827 1960 2863 sed
1987 2829 2128 2873 postea

477 2884 569 2919 dem
608 2884 772 2929 deleuit;
819 2886 909 2921 eius
944 2886 986 2922 K.
1065 2886 1127 2921 10.
1158 2885 1351 2930 xx..W;
1397 2896 1476 2921 xxx
1509 2886 1562 2929 B;
1608 2896 1714 2921 xxxv
1746 2884 1792 2928 C,
1836 2884 1906 2920 sed
1935 2894 1960 2919 v
1991 2883 2128 2919 Arnas

472 2944 610 2985 postea
650 2942 826 2986 addida,-
873 2943 982 2979 locus
1020 2945 1076 2978 est
1115 2942 1264 2978 Psalm.
1298 2941 1361 2985 35,
1383 2942 1415 2977 7.
1496 2943 1556 2977 14.
1589 2943 1673 2988 qui,
1720 2942 1761 2977 id
1799 2944 1857 2977 est
1884 2939 2123 2977 Lutherani.

474 2998 560 3040 lrau
586 2999 639 3033 W
669 2996 792 3045 (quod
823 3000 1107 3045 compendium
1141 3009 1300 3045 semper
1330 2999 1371 3034 in
1404 2999 1653 3044 litterarum,
1698 3009 1783 3034 non
1820 2999 1861 3034 in
1894 2998 2126 3041 literarum,

474 3053 611 3102 soluo).
690 3055 750 3090 15.
785 3056 1040 3092 detorsionis
1074 3057 1227 3092 malim.
1304 3057 1365 3091 16.
1397 3056 1636 3092 imbibitum
1669 3056 1742 3100 W3
1782 3055 2007 3091 inhibitum
2044 3053 2127 3090 ΒΟ»
