2242 3551
420 226 653 255 nxoRmVM
688 225 966 255 MONASTERII
999 226 1128 255 CARAE
1160 225 1334 254 INSVLAE
1628 213 1706 253 165

0 361 1 364 ¹
50 344 182 395 Quod
214 342 335 397 quia,
369 341 405 382 si
438 341 497 382 ita
531 345 609 391 est,
643 354 697 382 ex
731 341 985 381 mutatione
1017 342 1198 382 dextere
1231 340 1396 381 excelsi
1430 339 1707 394 processisse

49 416 338 464 confidimus,
385 418 563 467 gratum
609 418 650 455 et
689 418 932 468 acceptum
973 418 1199 465 tenemus,
1247 418 1288 454 et
1327 414 1451 467 quod
1486 412 1649 452 exinde
1682 425 1707 452 a

50 489 180 531 uobis
219 501 323 529 cum
365 501 558 528 assensu
606 491 648 527 et
686 487 845 528 fauore
893 487 1085 541 predicti
1125 487 1243 539 regis
1285 486 1459 527 salubri
1502 485 1708 527 noscitur

0 572 3 608 2
47 562 310 617 prouisione
350 564 587 613 statutum,
634 564 784 601 ratum
826 564 869 601 et
899 561 1087 601 firmum
1123 560 1365 612 habemus,
1412 559 1707 613 prudentiam

0 638 2 683 j
48 639 245 677 uestram
279 638 490 687 rogantes
523 638 659 688 atque
693 638 948 686 monentes,
981 637 1211 688 quatenus
1244 633 1393 674 eidem
1427 633 1519 685 regi
1552 643 1708 685 sugge-

0 705 3 756 ζ
47 722 142 750 rere
196 712 238 748 et
289 709 507 748 attentius
564 708 756 748 suadere
805 707 992 759 curetis,
1055 711 1102 747 ut
1157 707 1215 747 ad
1270 707 1610 747 incrementum
1666 709 1708 746 et

46 785 342 835 augmentum
387 780 534 835 ipsius
582 780 847 835 monasterij
897 780 1019 833 regia
1068 780 1233 834 pietate
1281 780 1510 830 intendat,
1565 783 1607 820 et
1659 779 1707 819 in

0 874 4 897 i
46 855 290 896 deuotione
322 854 441 895 beati
476 854 596 895 Petri
628 867 683 895 ac
708 858 865 895 nostra
889 854 1053 894 firmus
1078 853 1426 906 immobilisque
1450 852 1707 893 consistens

0 946 1 955 ¹
46 927 355 969 uenerabilem
389 926 575 968 fratrem
610 931 820 968 nostrum
855 927 1099 976 Eskillum,
1148 927 1446 967 Lundensem
1486 924 1708 978 archiepi-

0 1012 2 1042 ῑ
45 1014 250 1055 scopum,
296 1000 548 1054 apostolice
595 1000 716 1042 sedis
764 1001 980 1054 legatum,
1026 1000 1181 1041 uirum
1230 999 1496 1052 religiosum
1538 1002 1579 1039 et
1620 999 1707 1039 deo

44 1078 296 1128 acceptum,
328 1077 591 1115 reuerenter
623 1087 677 1116 ac
708 1075 874 1115 deuote
906 1075 963 1115 ad
994 1073 1235 1115 ecclesiam
1261 1072 1497 1127 propriam
1523 1076 1708 1113 reuocet

45 1151 87 1188 et
117 1147 157 1188 ei
189 1147 415 1188 honorem
450 1160 504 1188 ac
535 1148 744 1200 gratiam,
784 1161 926 1203 quam
960 1148 1102 1200 decet,
1146 1147 1399 1201 impendat.
1464 1145 1707 1187 Credimus

46 1220 167 1261 enim
201 1224 243 1261 et
273 1233 516 1274 speramus
548 1221 594 1261 in
627 1221 835 1274 domino,
868 1222 993 1275 quod
1019 1221 1078 1262 ad
1103 1221 1345 1271 honorem,
1380 1218 1705 1260 exaltationem

45 1298 87 1335 et
131 1293 397 1334 fidelitatem
437 1294 645 1335 eiusdem
693 1308 810 1348 puro
857 1295 1016 1335 animo
1058 1298 1100 1334 et
1139 1293 1383 1334 affectione
1422 1292 1627 1332 intendet
1666 1295 1706 1331 et

43 1367 124 1408 toti
165 1378 305 1419 regno
348 1367 472 1407 utilis
512 1371 553 1407 et
585 1368 852 1409 fructuosus
884 1369 1055 1409 existet.
1120 1365 1464 1408 Nichilominus
1498 1369 1540 1405 et
1571 1364 1706 1405 uobis

45 1441 342 1492 mandamus,
398 1444 464 1492 ut,
520 1441 599 1494 qui
653 1442 711 1482 ad
764 1455 883 1482 onus
930 1440 1196 1495 pontificale
1243 1439 1397 1480 uocati
1445 1442 1570 1490 sunt,
1627 1438 1705 1478 sed

44 1513 252 1554 nondum
295 1514 480 1554 culmen
519 1515 709 1556 honoris
748 1515 916 1569 adepti,
963 1516 1021 1555 ad
1055 1514 1254 1555 eundem
1288 1512 1706 1566 archiepiscopum,

46 1586 82 1626 si
127 1590 221 1627 tam
269 1586 358 1628 cito
405 1600 499 1628 non
546 1588 751 1641 redierit,
808 1588 1046 1630 humiliter
1092 1591 1134 1628 et
1180 1587 1346 1628 deuote
1393 1587 1615 1626 accedant
1666 1589 1707 1626 et

45 1659 228 1701 ordines
274 1672 329 1700 ac
374 1661 734 1703 consecrationis
776 1675 950 1703 munus
996 1662 1052 1702 de
1099 1674 1243 1701 manu
1291 1660 1390 1701 eius
1436 1659 1705 1713 percipiant.

46 1732 361 1773 Periculosum
396 1734 518 1774 enim
553 1735 704 1776 existit
735 1735 952 1777 ecclesias
981 1734 1054 1776 dei
1079 1734 1254 1775 diutius
1276 1730 1288 1788 Η
1311 1732 1475 1774 solatio
1508 1731 1706 1787 pastoris

45 1818 221 1846 uacare.

778 1901 876 1948 Cap.
908 1900 971 1937 VI.

103 1977 373 2025 Priuilegium
406 1980 551 2017 domni
584 1982 694 2028 regis
727 1981 995 2026 Waldemari,
1027 1981 1142 2028 quod
1175 1979 1290 2017 dedit
1322 1978 1580 2015 monasterio
1613 1981 1651 2013 et

643 2050 847 2087 fratribus
879 2051 931 2087 de
963 2051 1103 2096 Weng.

142 2121 207 2199 In
241 2157 429 2198 nomine
462 2160 618 2198 sancte
651 2160 693 2198 et
724 2156 966 2197 indiuidue
998 2155 1213 2196 trinitatis
1251 2167 1333 2208 ego
1365 2157 1705 2208 Waldemarus,

2 2230 7 2272 'i
46 2229 117 2270 dei
149 2231 291 2283 gratia
324 2244 403 2271 rex
436 2231 691 2282 Danorum,
730 2229 950 2271 omnibus
982 2229 1138 2270 diuine
1170 2229 1330 2269 matris
1364 2229 1553 2271 ecclesie
1586 2230 1706 2283 filijs,

45 2305 138 2343 tam
186 2303 351 2344 futuris
397 2317 538 2357 quam
592 2303 903 2357 presentibus,
957 2302 1030 2356 pie
1084 2314 1139 2343 ac
1189 2301 1415 2344 catholice
1468 2303 1514 2343 in
1565 2303 1704 2343 Dacia

47 2376 337 2429 degentibus,
393 2380 497 2430 post
552 2377 692 2417 huius
739 2376 832 2417 uite
878 2375 1161 2417 curriculum
1210 2375 1552 2417 interminabile
1599 2389 1705 2417 cum

48 2447 228 2490 Christo
260 2449 467 2504 optinere
498 2449 729 2491 brauium.
782 2449 1018 2501 Quoniam
1051 2449 1137 2489 deo
1169 2448 1456 2502 disponente,
1489 2449 1705 2503 quamuis

49 2521 220 2562 meritis
254 2522 421 2563 nostris
455 2522 647 2563 minime
688 2522 989 2575 exigentibus,
1036 2521 1178 2563 totius
1216 2521 1344 2573 regni
1384 2522 1705 2563 monarchiam

48 2595 350 2648 suscepimus,
397 2596 456 2636 ob
498 2595 544 2636 id
593 2595 764 2637 scilicet
803 2594 1047 2643 uniuersis,
1096 2598 1138 2635 et
1176 2594 1350 2635 diuinis
1389 2598 1431 2635 et
1470 2594 1705 2647 humanis,

48 2671 273 2719 quantum
305 2669 497 2709 domino
530 2669 785 2722 opitulante
816 2672 972 2709 nostra
1007 2667 1179 2708 sufficit
1220 2666 1441 2719 ualitudo,
1489 2667 1706 2721 prodesse

48 2739 327 2782 curabimus.
376 2741 621 2782 Credentes
653 2741 790 2794 igitur
821 2740 1204 2782 resurrectionem
1238 2744 1280 2781 et
1312 2744 1415 2793 post
1446 2739 1585 2781 huius
1614 2739 1705 2781 uite

50 2816 243 2853 mortem
276 2826 382 2855 cum
415 2813 518 2866 illis,
551 2815 630 2869 qui
655 2815 848 2855 domum
876 2813 950 2855 dei
974 2814 1326 2865 decorauerunt,
1360 2825 1443 2853 nos
1467 2813 1512 2853 in
1540 2813 1705 2854 eternis

48 2884 356 2927 tabernaculis
387 2886 646 2940 portionem
679 2887 934 2938 habituros,
967 2886 1277 2936 notificamus,
1310 2898 1395 2925 nos
1424 2885 1705 2926 monasterio

137 2997 200 3033 25.
236 2993 331 3034 l‘rex
364 2996 572 3032 danorum
603 2993 693 3033 l‘dei
725 2997 856 3043 gratia
889 2997 933 3033 C.
1012 2997 1075 3033 28.
1109 2997 1183 3041 (ῥῶ
1214 2995 1260 3037 Ο,
1307 2995 1348 3031 id
1385 2998 1442 3031 est
1477 2996 1705 3040 Quoniam,

53 3051 267 3101 Lcmyebelc
302 3065 379 3101 pro
416 3054 492 3090 hoc
531 3054 677 3102 ubique
717 3065 852 3091 errore
883 3066 1012 3102 quum
1047 3054 1217 3101 scripsit.
1295 3053 1346 3089 33
1392 3053 1521 3089 decor
1552 3053 1704 3089 domus

52 3110 133 3147 dei:
166 3111 315 3149 Psalm.
348 3112 413 3159 25,
433 3111 468 3147 8.
533 3112 711 3150 33—34.
745 3115 902 3151 aeterna
935 3112 1226 3151 tabernacula:
1261 3111 1354 3147 Luc.
1390 3111 1450 3158 16,
1472 3111 1506 3148 9.

1736 1004 1777 1035 10

1736 1371 1775 1401 15

1733 1739 1775 1769 20
1803 1737 1878 1769 Fol.
1892 1733 1938 1768 Gr.

1733 2603 1774 2633 30
