2242 3551
457 145 537 185 160
799 156 1076 186 SCRIPTORES
1108 157 1336 187 His'romAE
1368 157 1546 186 DANICAE
1577 157 1778 186 Mmonl-:s

539 275 660 311 XXII.
724 275 783 311 De
822 275 1017 311 Suenone
1056 275 1270 322 episcopo,
1317 274 1542 311 fundatore
1575 276 1770 320 maximo,
1816 278 1855 312 et
1893 276 1944 312 de
1976 276 2110 321 bonis,

453 355 535 391 que
566 343 745 381 contulit
775 343 973 380 claustro.

538 413 679 449 XXIII.
741 413 1055 449 Testamentum
1096 414 1284 461 episcopi
1319 414 1539 459 Suenonis⁷
1581 424 1629 450 eo
1668 416 1862 460 presente
1902 417 1941 449 et
1979 415 2111 460 preci-

453 482 592 529 piente
638 485 677 518 et
718 483 903 518 Romane
945 482 1056 518 sedis
1097 482 1232 529 legato
1274 484 1553 519 confirmante
1592 494 1613 518 a
1655 482 1875 529 capellano
1913 494 1990 518 suo
2029 483 2107 519 Pa.

406 555 425 584 5
451 551 752 598 conscriptum.

537 620 699 656 XXIIII.
762 621 863 657 Item
897 620 1011 657 aliud
1043 623 1340 658 testamentum
1374 621 1562 658 eiUsdem
1596 620 1794 667 episcopi.

538 689 650 725 XXV.
714 689 985 737 Priuilegium
1021 690 1182 726 domini
1214 691 1323 737 regis
1355 690 1623 728 Waldemari.

536 759 670 794 XXVI.
734 759 1006 806 Priuilegium
1040 759 1201 795 domini
1234 760 1342 806 regis
1377 760 1530 796 Kanuti
1563 759 1636 805 filij
1670 759 1935 796 Waldemari.

537 827 691 863 XXVII.
756 828 1026 875 Priuilegium
1061 829 1221 864 domini
1255 829 1566 876 archiepiScopi
1598 828 1833 865 Absalonis.

384 900 424 931 10
536 897 712 933 XXVIII.
776 898 878 934 Item
911 897 1025 934 aliud
1059 897 1325 944 priuilegium
1360 898 1548 934 eiusdem
1582 898 1903 945 archiepiscopi.

537 966 672 1002 XXIX.
736 967 1001 1013 Rescriptum
1041 967 1202 1003 domini
1245 978 1352 1014 pape
1390 967 1615 1003 Alexandri
1653 967 1704 1003 ad
1746 967 1984 1003 Suenonem
2025 968 2108 1014 epi-

449 1046 637 1082 scopum.

536 1105 652 1141 XXX.
716 1104 989 1151 Priuilegium
1028 1105 1188 1141 domini
1229 1116 1336 1152 pape
1379 1105 1539 1143 Urbani
1587 1105 1637 1141 de
1684 1105 1874 1152 plenaria
1915 1105 2107 1141 libertate

451 1175 757 1210 monachorum
791 1185 920 1221 super
951 1174 1126 1210 decimis
1159 1174 1210 1210 ad
1243 1175 1489 1221 petitionem
1523 1174 1710 1210 eiusdem
1745 1174 1946 1221 episcopi.

382 1248 422 1278 15
535 1243 671 1280 XXXI.
734 1243 793 1279 De
826 1244 1017 1279 moribus
1048 1243 1193 1279 domni
1227 1243 1435 1279 Suenonis
1468 1244 1666 1291 episcopi.

534 1312 693 1349 XXXII.
755 1312 1019 1359 Rescriptum
1053 1312 1199 1348 domni
1231 1313 1452 1360 apostolici
1486 1314 1537 1349 ad
1571 1313 1750 1349 eundem
1784 1314 2042 1360 episcopum.

534 1381 712 1419 XXXIII.
781 1382 883 1418 Item
931 1382 1184 1428 rescriptum
1233 1383 1377 1418 domni
1424 1382 1646 1429 apostolici
1695 1383 1745 1418 ad
1793 1383 1972 1418 eundem
2022 1382 2104 1429 epi—

448 1462 638 1498 scopum,
670 1451 781 1487 unde
814 1462 955 1498 supra.

533 1520 733 1556 XXXIIII.
795 1521 897 1556 Item
934 1520 1069 1557 littere
1103 1521 1247 1556 domni
1280 1521 1503 1568 apostolici
1536 1521 1588 1557 ad
1621 1521 1990 1568 archiepiscopum
2027 1532 2102 1567 pro

378 1596 421 1625 20
447 1590 595 1626 eodem
628 1589 843 1637 episcopo⁷
875 1590 986 1626 unde
1017 1600 1158 1636 supra.

533 1659 682 1695 XXXV.
746 1659 807 1695 De
840 1658 921 1694 fine
954 1659 1039 1695 uite
1070 1659 1215 1695 domni
1249 1659 1456 1696 Suenonis
1488 1659 1688 1707 episcopi.

533 1727 703 1764 XXXVI.
766 1728 945 1764 Nomina
986 1728 1199 1773 abbatum,
1246 1729 1319 1775 qui
1357 1728 1606 1775 prefuerunt
1643 1729 1685 1764 in
1719 1729 1800 1764 hoc
1832 1728 2101 1765 monasterio.

1123 2006 1364 2053 Capitulum
1398 2007 1425 2043 I.

609 2087 701 2131 Quo
735 2089 923 2133 tempore
956 2087 1022 2123 uel
1055 2098 1077 2123 a
1110 2087 1265 2134 quibus
1297 2087 1492 2134 personis
1526 2087 1606 2122 hoc
1638 2087 1941 2123 monasterium

1077 2157 1249 2192 inicium
1284 2156 1475 2203 sumpsit.

219 2267 352 2302 Fol.3¹”.
380 2272 421 2302 25
533 2247 545 2304 ll
576 2225 742 2304 Anno
803 2261 938 2314 igitur
998 2262 1056 2302 ab
1112 2261 1429 2302 incarnatione
1482 2262 1659 2302 domini
1714 2262 1887 2303 M.c.lxv.
1942 2275 2099 2302 mense

447 2334 718 2383 Februario,
771 2347 858 2375 xvi.
916 2334 989 2374 die
1042 2334 1248 2374 eiusdem
1305 2334 1495 2386 mensis,
1551 2334 1753 2375 domnus
1803 2334 2097 2385 Hem-icus,

446 2406 623 2460 primus
661 2407 806 2447 abbas
846 2407 1085 2459 Uitescole,
1133 2407 1283 2447 emisit
1322 2411 1604 2448 conuentum
1644 2407 1782 2447 huius
1823 2407 1999 2460 cenobij
2040 2408 2097 2447 ad

445 2480 613 2533 locum,
660 2479 738 2534 qui
771 2480 937 2520 dicitur
970 2480 1214 2532 Smaheng,
1253 2493 1391 2533 quem
1425 2479 1511 2520 sibi
1544 2484 1787 2533 parauerat
1818 2481 2099 2521 reuerendus

446 2552 649 2593 Eskillus
682 2552 942 2593 Arusiensis
989 2552 1245 2606 episcopus.
1309 2553 1395 2593 Sed
1434 2553 1543 2607 quia
1584 2553 1730 2593 isdem
1763 2552 1892 2593 locus
1924 2565 2099 2605 pauper

376 2636 418 2666 30
445 2628 540 2665 erat
578 2629 620 2666 et
657 2625 958 2677 insufficiens,
1005 2629 1161 2678 utpote
1201 2638 1294 2666 non
1337 2625 1513 2665 habens
1553 2625 1641 2665 nisi
1680 2626 1831 2666 solum
1872 2626 2097 2678 predium,

434 2701 486 2751 ‘et
527 2697 771 2751 episcopus
812 2698 944 2738 celeri
986 2701 1131 2738 morte
1171 2699 1226 2738 de
1266 2699 1353 2738 hac
1391 2697 1486 2738 uita
1526 2698 1573 2738 in
1613 2697 1901 2751 expeditione
1939 2701 2098 2737 contra

445 2769 634 2810 Sclauos
666 2770 873 2822 decessit,
905 2770 1137 2823 predictus
1169 2770 1313 2810 abbas
1346 2770 1463 2824 cepit
1494 2774 1687 2811 tractare
1712 2783 1816 2811 cum
1845 2769 2096 2810 uenerabili

445 2842 545 2882 uiro
592 2843 765 2883 domno
813 2842 1047 2895 Suenone,
1108 2843 1187 2896 qui
1235 2843 1410 2884 Eskillo
1462 2843 1555 2883 iam
1609 2843 1824 2884 defuncto
1876 2842 2095 2882 electione

531 2975 708 3010 23—24.
749 2976 841 3019 Quo
869 2978 1059 3022 tempore
1078 3005 1085 3012 .
1105 3006 1110 3012 .
1129 2977 1310 3023 sumpsit
1341 2976 1476 3013 rubris
1506 2976 1645 3013 litteris
1675 2976 1882 3022 scriptum.
1930 2975 2092 3021 Capihl.

441 3034 534 3078 post
554 3032 735 3079 sumpsit
755 3032 919 3069 demum
942 3032 1063 3069 habet
1084 3033 1129 3078 C,
1160 3034 1229 3069 sed
1252 3034 1497 3080 transposui,
1520 3034 1623 3069 sicut
1643 3033 1762 3070 etiam
1788 3032 1827 3068 in
1850 3042 1954 3078 seqq.
1977 3042 2092 3077 capp.
