2242 3551
280 702 342 733 fol.
358 699 424 733 16‘.

385 993 424 1022 10

272 1209 334 1240 fol.
352 1206 421 1240 16V.

382 1353 422 1382 15

203 1711 265 1742 fol.
282 1708 349 1744 17‘.
376 1713 418 1743 20

374 2075 416 2105 25

268 2218 329 2250 fol.
347 2216 415 2250 17V.

457 209 540 248 394
798 218 1073 247 SCRIPTORES
1107 218 1333 246 fflsTorziAE
1365 217 1542 246 DANICAE
1575 218 1775 246 M1Nom-:s

456 333 650 373 summis
694 331 825 372 malis
867 331 1104 372 uenientes
1143 336 1324 372 austros
1363 331 1458 370 suis
1490 331 1721 382 signantes
1755 332 1981 384 uersibus,
2030 336 2108 372 aut

454 406 677 445 dracones
711 403 864 444 uarios
897 404 1126 444 minantes
1157 403 1371 444 incendia
1404 404 1460 444 de
1492 402 1704 453 naribus;
1736 403 1863 444 illinc
1896 404 2108 445 homines

455 478 508 517 de
556 477 703 516 solido
750 489 863 516 auro
910 480 1157 528 argentoue
1205 476 1387 527 rutilos,
1449 476 1571 516 uiuis
1618 476 1966 529 quodammodo
2014 490 2106 517 non

455 550 650 602 inpares,
692 553 827 602 atque
868 548 993 589 illinc
1024 552 1181 589 tauros
1215 550 1375 589 erectis
1408 561 1591 588 sursum
1626 548 1755 588 collis
1788 548 2107 602 protensisque

454 622 664 662 cruribus
712 621 913 672 mugitus
961 633 1216 675 cursusque
1262 621 1523 661 uiuentium
1570 620 1853 661 simulantes,
1917 621 2107 662 Uideres

452 707 636 748 quoque
682 694 925 747 delphinos
957 690 969 747 Η
999 695 1165 735 electro
1212 694 1359 745 fusos,
1404 698 1699 746 ueteremque
1745 697 2107 733 rememorantes

454 766 658 806 fabulam
714 767 769 807 de
826 767 987 807 eodem
1043 767 1227 807 metallo
1284 770 1541 806 centauros.
1635 766 1855 806 Eiusdem
1903 770 2105 818 preterea

452 840 649 889 celature
682 840 825 879 multa
858 839 940 879 tibi
973 839 1172 880 dicerem
1204 839 1417 891 insignia,
1451 839 1488 879 si
1520 852 1614 879 non
1648 843 1977 890 monstrorum,
2017 852 2106 891 que

453 912 629 964 sculpta
676 911 873 960 inerant,
923 925 995 952 me
1042 912 1232 952 laterent
1280 911 1483 951 nomina.
1561 911 1647 952 Sed
1695 911 1805 965 quid
1853 923 1978 950 nunc
2023 911 2105 950 tibi

453 984 590 1023 latera
645 984 909 1024 carinarum
966 997 1240 1033 memorem,
1302 997 1396 1024 non
1454 986 1592 1024 modo
1646 982 1872 1024 ornatitiis
1925 983 2105 1036 depicta

451 1056 704 1108 coloribus,
758 1070 920 1096 uerum
974 1056 1110 1096 etiam
1164 1057 1317 1096 aureis
1363 1057 1680 1110 argenteisque
1728 1069 1890 1108 aspera
1938 1055 2106 1107 signis?

453 1129 588 1180 Regia
619 1142 803 1183 quoque
836 1129 1003 1182 puppis
1035 1133 1163 1169 tanto
1196 1129 1506 1181 pulcritudine
1546 1129 1617 1169 sui
1660 1129 1819 1169 ceteris
1859 1129 2104 1181 prestabat,

449 1206 622 1254 quanto
661 1198 672 1255 Η
708 1215 785 1241 rex
825 1214 935 1241 suae
982 1201 1216 1253 dignitatis
1258 1202 1435 1242 honore
1475 1202 1642 1242 milites
1682 1202 2001 1251 antecedebat;
2049 1201 2104 1241 de

449 1287 538 1326 qua
584 1274 745 1314 melius
788 1278 853 1314 est
890 1278 939 1314 ut
978 1274 1152 1324 sileam,
1200 1287 1341 1327 quam
1381 1287 1464 1327 pro
1504 1274 1820 1326 magnitudine
1853 1274 1924 1313 sui
1956 1286 2104 1327 pauca

450 1346 614 1386 dicam.
875 1348 879 1351 ’

534 1420 572 1458 5.
635 1418 735 1458 Tali
778 1419 930 1472 itaque
977 1419 1077 1459 freti
1124 1420 1269 1460 classe
1308 1420 1415 1460 dato
1457 1420 1585 1470 signo
1626 1423 1812 1473 repente
1853 1419 2103 1470 gaudentes

449 1492 620 1532 abeunt
650 1495 800 1545 atque,
848 1491 912 1531 uti
951 1492 1063 1532 iussi
1104 1496 1246 1543 erant,
1294 1505 1399 1545 pars
1437 1496 1557 1541 ante,
1605 1505 1712 1545 pars
1743 1496 1877 1543 retro,
1925 1491 2103 1544 equatis

447 1567 601 1603 tamen
648 1563 826 1615 rostris,
873 1564 1021 1615 regiae
1068 1565 1213 1617 puppi
1262 1577 1308 1605 se
1357 1564 1699 1605 circumferunt.
1790 1563 1876 1604 Hic
1922 1563 2103 1603 uideres

447 1635 616 1676 crebris
648 1635 792 1675 tonsis
826 1636 1065 1677 uerberata
1099 1637 1187 1676 late
1219 1650 1436 1690 spumare
1464 1637 1631 1689 cerula,
1664 1635 1929 1689 metallique
1954 1649 2102 1688 reper-

446 1720 632 1747 cussum
681 1707 855 1759 fulgore
902 1709 1046 1749 solem
1093 1709 1300 1762 duplices
1347 1710 1502 1749 radios
1542 1706 1554 1763 Η
1600 1710 1841 1749 extendere
1887 1707 1934 1748 in
1982 1710 2099 1748 aera.

446 1780 567 1830 Quid
601 1780 763 1833 plura‘?
824 1781 1046 1833 Tandem,
1094 1795 1186 1835 quo
1230 1782 1529 1822 intendebant
1561 1781 1718 1833 animi,
1761 1780 2101 1834 appropiabant

448 1852 630 1903 finibus,
677 1865 782 1893 cum
825 1853 1046 1894 finitimos
1091 1854 1206 1894 mari
1248 1854 1500 1907 patrienses
1538 1854 1637 1894 eius
1669 1854 1733 1894 rei
1766 1854 1948 1894 sinister
1980 1866 2101 1894 com-

448 1925 591 1964 mouit
623 1925 825 1966 nuntius.
889 1925 983 1966 Nec
1024 1940 1170 1967 mora:
1220 1939 1312 1981 quo
1354 1927 1477 1979 regia
1516 1926 1676 1967 classis
1718 1927 1946 1966 anchoras
1988 1926 2100 1977 fixit,

444 1996 621 2037 incolae
655 1997 752 2037 eius
784 1998 872 2038 loci
905 2002 1186 2039 concurrunt
1218 2000 1274 2038 ad
1309 2003 1509 2052 portum,
1556 1999 1802 2052 potentiori
1843 2011 1890 2038 se
1931 1998 2099 2038 frustra

446 2069 589 2121 parati
629 2070 872 2109 defendere
911 2069 1113 2111 intrandi
1160 2071 1351 2112 aditum.
1431 2072 1639 2125 Denique
1682 2071 1853 2111 relictis
1900 2071 2100 2111 nauibus

445 2141 553 2193 regii
599 2141 766 2182 milites
806 2142 862 2182 ad
904 2146 1075 2183 terram
1114 2148 1282 2184 exeunt
1324 2148 1365 2183 et
1406 2143 1604 2197 pedestri
1645 2154 1795 2196 pugne
1833 2143 2048 2196 intrepidi
2089 2140 2101 2197 Η

445 2226 542 2253 sese
603 2214 859 2266 accingunt.
948 2215 1111 2256 Hostes
1173 2216 1322 2269 primo
1384 2216 1558 2257 duriter
1618 2220 1777 2256 contra
1838 2215 2099 2255 resistentes

445 2286 686 2337 dimicant,
744 2291 901 2338 postea
957 2300 1067 2328 uero
1123 2288 1313 2341 periculi
1370 2288 1616 2329 formidine
1670 2288 1791 2328 uersi
1847 2287 1894 2327 in
1942 2287 2098 2338 fugam

445 2359 684 2398 sauciandi
731 2359 1064 2413 occidendique
1106 2360 1289 2413 copiam
1330 2361 1712 2414 persequentibus
1754 2363 1968 2413 prestant.
2032 2359 2098 2399 Ita

534 2507 565 2541 1.
594 2507 810 2542 uenientes
840 2511 1028 2544 austros:
1069 2508 1210 2554 Vergil.
1228 2508 1362 2553 Ecloy.
1379 2508 1418 2552 V,
1439 2508 1501 2544 82.
1579 2508 1786 2550 uersibus,
1820 2507 1842 2543 i.
1868 2518 1896 2543 e.
1921 2507 2099 2542 circum-

446 2564 726 2599 uersionibus.
774 2565 809 2600 6.
832 2568 1103 2611 ueteremque
1122 2565 1215 2612 A133
1248 2569 1526 2611 ueterumque
1552 2576 1668 2601 erl-01·
1694 2564 1845 2600 Perlzii.
1897 2565 1957 2599 10.
1977 2574 2098 2599 orna-

444 2620 572 2659 titius.
619 2620 642 2657 i.
685 2632 713 2656 e.
757 2632 924 2657 ornans.
1014 2623 1075 2658 11.
1122 2633 1271 2668 aspera
1320 2623 1468 2668 signis,
1513 2622 1584 2667 cfr.
1624 2621 1763 2667 Vergil.
1795 2621 1885 2657 AEn.
1924 2620 1963 2665 V,
1997 2620 2097 2664 267,-

438 2673 506 2720 IX,
541 2677 630 2722 963,
664 2678 714 2713 al.
788 2679 847 2714 12.
881 2690 1052 2725 quoque
1075 2694 1119 2710 z
1141 2683 1294 2724 autem,
1336 2682 1380 2715 ut
1408 2679 1556 2725 soepius
1589 2679 1630 2714 in
1663 2690 1767 2725 seqq.
1839 2678 2012 2714 13-15.
2046 2678 2096 2713 de

444 2734 747 2779 qua..dicam,
778 2735 850 2780 cfr.
885 2735 978 2772 Sall.
1005 2736 1097 2782 J119.
1128 2737 1190 2779 19,
1209 2736 1243 2772 2.
1310 2737 1369 2772 17.
1405 2737 1461 2772 uti
1496 2737 1545 2781 Α;
1578 2739 1624 2771 ut
1657 2737 1739 2771 BD.
1805 2736 1864 2771 19.
1897 2745 2096 2781 spumare

445 2791 598 2834 cerula,
629 2790 700 2836 cfr.
740 2791 877 2837 Vergil.
909 2792 1001 2829 AEn.
1044 2793 1140 2837 VIII,
1176 2793 1264 2829 672.
1337 2794 1400 2829 22.
1434 2804 1530 2829 cum
1564 2793 1785 2829 finitimos:
1826 2792 1920 2828 inde
1950 2791 2001 2827 ab
2032 2790 2096 2827 Ius

446 2846 573 2882 verbis
618 2848 818 2894 reliquam
865 2849 989 2887 huius
1035 2850 1176 2896 εαρίἰὶε
1219 2852 1379 2896 partem
1423 2849 1542 2886 habet
1584 2851 1624 2886 P.
1716 2850 1961 2896 patrienses,
2008 2848 2029 2883 i.
2063 2859 2093 2884 e.

445 2903 662 2949 indigenae,
709 2908 831 2941 terrae
872 2907 1031 2943 incolae.
1109 2908 1172 2944 25.
1214 2907 1407 2953 Denique
1447 2918 1524 2943 om.
1568 2908 1609 2942 Ρ.
1690 2907 1869 2943 26—27.
1910 2905 2095 2952 pedestri

445 2970 594 3005 pugnae
633 2972 724 2997 sese
761 2963 996 3009 accingunt,
1042 2964 1113 3010 cfr.
1152 2964 1294 3010 Vergil.
1328 2963 1418 2999 AEn.
1451 2964 1515 3009 XI,
1549 2963 1638 2999 707.
1715 2964 1779 2999 27.
1822 2966 1969 2998 contra
2003 2961 2037 2997 11.
2074 2962 2094 2998 I.

444 3016 683 3052 aduerbium
716 3021 782 3055 est.
844 3021 906 3056 28.
940 3024 1086 3067 postea
1121 3033 1154 3057 v.
1187 3021 1347 3067 duplici
1372 3021 1549 3067 periculi
1578 3022 1608 3056 Ρ
1641 3021 1756 3056 male,
1846 3020 2025 3055 formine
2051 3019 2096 3063 Α,

444 3073 512 3108 sed
543 3084 645 3110 corr.
679 3073 741 3110 Αῑ.
