<?xml version="1.0" encoding="UTF-8"?>
<!DOCTYPE html PUBLIC "-//W3C//DTD XHTML 1.0 Transitional//EN"
    "http://www.w3.org/TR/xhtml1/DTD/xhtml1-transitional.dtd">
<html xmlns="http://www.w3.org/1999/xhtml" xml:lang="en" lang="en">
 <head>
  <title>
</title>
<meta http-equiv="Content-Type" content="text/html;charset=utf-8" />
  <meta name='ocr-system' content='tesseract 3.04.00' />
  <meta name='ocr-capabilities' content='ocr_page ocr_carea ocr_par ocr_line ocrx_word'/>
</head>
<body>
  <div class='ocr_page' id='page_1' title='image "./scriptoresminore212gert/scriptoresminore212gert_0078.png"; bbox 0 0 2242 3551; ppageno 0'>
   <div class='ocr_carea' id='block_1_1' title="bbox 428 985 468 1015">
    <p class='ocr_par' dir='ltr' id='par_1_1' title="bbox 428 985 468 1015">
     <span class='ocr_line' id='line_1_1' title="bbox 428 985 468 1015; baseline 0 0"><span class='ocrx_word' id='word_1_1' title='bbox 428 985 468 1015; x_wconf 88' lang='lat'>10</span> 
     </span>
    </p>
   </div>
   <div class='ocr_carea' id='block_1_2' title="bbox 429 1346 469 1375">
    <p class='ocr_par' dir='ltr' id='par_1_2' title="bbox 429 1346 469 1375">
     <span class='ocr_line' id='line_1_2' title="bbox 429 1346 469 1375; baseline 0 0"><span class='ocrx_word' id='word_1_2' title='bbox 429 1346 469 1375; x_wconf 85' lang='lat'>15</span> 
     </span>
    </p>
   </div>
   <div class='ocr_carea' id='block_1_3' title="bbox 429 1708 470 1738">
    <p class='ocr_par' dir='ltr' id='par_1_3' title="bbox 429 1708 470 1738">
     <span class='ocr_line' id='line_1_3' title="bbox 429 1708 470 1738; baseline 0 0"><span class='ocrx_word' id='word_1_3' title='bbox 429 1708 470 1738; x_wconf 88' lang='lat'>20</span> 
     </span>
    </p>
   </div>
   <div class='ocr_carea' id='block_1_4' title="bbox 496 200 1806 239">
    <p class='ocr_par' dir='ltr' id='par_1_4' title="bbox 496 200 1806 239">
     <span class='ocr_line' id='line_1_4' title="bbox 496 200 1806 239; baseline -0.004 0"><span class='ocrx_word' id='word_1_4' title='bbox 496 200 550 239; x_wconf 87' lang='grc'>68</span> <span class='ocrx_word' id='word_1_5' title='bbox 835 208 1109 238; x_wconf 83' lang='lat' dir='ltr'>SCRIPTORES</span> <span class='ocrx_word' id='word_1_6' title='bbox 1142 208 1367 237; x_wconf 70' lang='lat' dir='ltr'>ffls&#39;romAE</span> <span class='ocrx_word' id='word_1_7' title='bbox 1401 207 1575 236; x_wconf 86' lang='lat' dir='ltr'>DANICAE</span> <span class='ocrx_word' id='word_1_8' title='bbox 1608 206 1806 235; x_wconf 79' lang='lat' dir='ltr'>MINORES</span> 
     </span>
    </p>
   </div>
   <div class='ocr_carea' id='block_1_5' title="bbox 494 320 2142 2039">
    <p class='ocr_par' dir='ltr' id='par_1_5' title="bbox 494 320 2141 1028">
     <span class='ocr_line' id='line_1_5' title="bbox 495 320 2140 377; baseline -0.004 -12"><span class='ocrx_word' id='word_1_9' title='bbox 495 325 601 377; x_wconf 76' lang='lat' dir='ltr'>regi,</span> <span class='ocrx_word' id='word_1_10' title='bbox 634 324 720 377; x_wconf 91' lang='lat' dir='ltr'>ipsi</span> <span class='ocrx_word' id='word_1_11' title='bbox 752 323 909 375; x_wconf 81' lang='lat' dir='ltr'>viginti</span> <span class='ocrx_word' id='word_1_12' title='bbox 942 323 1106 363; x_wconf 89' lang='lat' dir='ltr'>ducem</span> <span class='ocrx_word' id='word_1_13' title='bbox 1139 323 1344 362; x_wconf 89' lang='lat' dir='ltr'>deserere</span> <span class='ocrx_word' id='word_1_14' title='bbox 1376 322 1593 362; x_wconf 87' lang='lat' dir='ltr'>deberent</span> <span class='ocrx_word' id='word_1_15' title='bbox 1625 324 1666 360; x_wconf 86' lang='lat' dir='ltr'>et</span> <span class='ocrx_word' id='word_1_16' title='bbox 1694 320 1960 372; x_wconf 83' lang='lat' dir='ltr'>homagium</span> <span class='ocrx_word' id='word_1_17' title='bbox 1988 332 2012 358; x_wconf 89' lang='lat' dir='ltr'>a</span> <span class='ocrx_word' id='word_1_18' title='bbox 2039 330 2140 370; x_wconf 87' lang='lat' dir='ltr'>rege</span> 
     </span>
     <span class='ocr_line' id='line_1_6' title="bbox 496 391 2140 448; baseline -0.004 -11"><span class='ocrx_word' id='word_1_19' title='bbox 496 397 542 437; x_wconf 89' lang='lat' dir='ltr'>in</span> <span class='ocrx_word' id='word_1_20' title='bbox 589 396 747 437; x_wconf 89' lang='lat' dir='ltr'>odium</span> <span class='ocrx_word' id='word_1_21' title='bbox 794 396 924 436; x_wconf 88' lang='lat' dir='ltr'>ducis</span> <span class='ocrx_word' id='word_1_22' title='bbox 966 395 1177 448; x_wconf 85' lang='lat' dir='ltr'>recipere.</span> <span class='ocrx_word' id='word_1_23' title='bbox 1256 395 1417 435; x_wconf 88' lang='lat' dir='ltr'>Postea</span> <span class='ocrx_word' id='word_1_24' title='bbox 1463 392 1837 446; x_wconf 79' lang='lat' dir='ltr'>archiepiscopus</span> <span class='ocrx_word' id='word_1_25' title='bbox 1881 391 2140 431; x_wconf 90' lang='lat' dir='ltr'>Bremensis</span> 
     </span>
     <span class='ocr_line' id='line_1_7' title="bbox 497 462 2140 521; baseline -0.004 -12"><span class='ocrx_word' id='word_1_26' title='bbox 497 469 736 521; x_wconf 78' lang='lat' dir='ltr'>Gerardus,</span> <span class='ocrx_word' id='word_1_27' title='bbox 770 468 942 520; x_wconf 88' lang='lat' dir='ltr'>Symon</span> <span class='ocrx_word' id='word_1_28' title='bbox 972 467 1194 521; x_wconf 78' lang='lat' dir='ltr'>episcopus</span> <span class='ocrx_word' id='word_1_29' title='bbox 1220 466 1589 507; x_wconf 79' lang='lat' dir='ltr'>padeburnensis</span> <span class='ocrx_word' id='word_1_30' title='bbox 1622 468 1662 505; x_wconf 91' lang='lat' dir='ltr'>et</span> <span class='ocrx_word' id='word_1_31' title='bbox 1695 464 1884 505; x_wconf 86' lang='lat' dir='ltr'>comites</span> <span class='ocrx_word' id='word_1_32' title='bbox 1912 462 2140 504; x_wconf 86' lang='lat' dir='ltr'>Holzsatie</span> 
     </span>
     <span class='ocr_line' id='line_1_8' title="bbox 497 535 2141 592; baseline -0.004 -11"><span class='ocrx_word' id='word_1_33' title='bbox 497 545 694 582; x_wconf 79' lang='lat' dir='ltr'>castrum</span> <span class='ocrx_word' id='word_1_34' title='bbox 720 540 836 592; x_wconf 84' lang='lat' dir='ltr'>regis</span> <span class='ocrx_word' id='word_1_35' title='bbox 860 540 906 580; x_wconf 90' lang='lat' dir='ltr'>in</span> <span class='ocrx_word' id='word_1_36' title='bbox 927 540 1228 591; x_wconf 85' lang='lat' dir='ltr'>Regnzburgh</span> <span class='ocrx_word' id='word_1_37' title='bbox 1253 552 1356 579; x_wconf 88' lang='lat' dir='ltr'>cum</span> <span class='ocrx_word' id='word_1_38' title='bbox 1384 539 1507 579; x_wconf 91' lang='lat' dir='ltr'>mille</span> <span class='ocrx_word' id='word_1_39' title='bbox 1533 537 1877 591; x_wconf 76' lang='lat' dir='ltr'>quadringentis</span> <span class='ocrx_word' id='word_1_40' title='bbox 1903 535 2141 588; x_wconf 83' lang='lat' dir='ltr'>dextrarijs</span> 
     </span>
     <span class='ocr_line' id='line_1_9' title="bbox 496 611 2137 666; baseline -0.004 -12"><span class='ocrx_word' id='word_1_41' title='bbox 496 614 784 654; x_wconf 89' lang='lat' dir='ltr'>obsederunt.</span> <span class='ocrx_word' id='word_1_42' title='bbox 838 612 1005 653; x_wconf 77' lang='lat' dir='ltr'>Contra</span> <span class='ocrx_word' id='word_1_43' title='bbox 1036 625 1152 666; x_wconf 86' lang='lat' dir='ltr'>quos</span> <span class='ocrx_word' id='word_1_44' title='bbox 1184 625 1262 652; x_wconf 80' lang='lat' dir='ltr'>rex</span> <span class='ocrx_word' id='word_1_45' title='bbox 1298 611 1456 651; x_wconf 85' lang='lat' dir='ltr'>Ericus</span> <span class='ocrx_word' id='word_1_46' title='bbox 1490 614 1675 664; x_wconf 88' lang='lat' dir='ltr'>paratus</span> <span class='ocrx_word' id='word_1_47' title='bbox 1708 611 1765 649; x_wconf 85' lang='lat' dir='ltr'>ad</span> <span class='ocrx_word' id='word_1_48' title='bbox 1798 620 1999 662; x_wconf 88' lang='lat' dir='ltr'>pugnam</span> <span class='ocrx_word' id='word_1_49' title='bbox 2033 621 2137 648; x_wconf 90' lang='lat' dir='ltr'>cum</span> 
     </span>
     <span class='ocr_line' id='line_1_10' title="bbox 496 681 2139 726; baseline -0.004 -1"><span class='ocrx_word' id='word_1_50' title='bbox 496 685 698 726; x_wconf 78' lang='lat' dir='ltr'>maximo</span> <span class='ocrx_word' id='word_1_51' title='bbox 725 685 921 725; x_wconf 80' lang='lat' dir='ltr'>exercitu</span> <span class='ocrx_word' id='word_1_52' title='bbox 944 685 1230 724; x_wconf 73' lang='lat' dir='ltr'>Danaewirko</span> <span class='ocrx_word' id='word_1_53' title='bbox 1255 683 1388 725; x_wconf 82' lang='lat' dir='ltr'>venit.</span> <span class='ocrx_word' id='word_1_54' title='bbox 1438 684 1523 724; x_wconf 90' lang='lat' dir='ltr'>Sed</span> <span class='ocrx_word' id='word_1_55' title='bbox 1557 682 1792 723; x_wconf 87' lang='lat' dir='ltr'>declinans</span> <span class='ocrx_word' id='word_1_56' title='bbox 1825 682 1882 721; x_wconf 86' lang='lat' dir='ltr'>ad</span> <span class='ocrx_word' id='word_1_57' title='bbox 1908 681 2139 721; x_wconf 88' lang='lat' dir='ltr'>ciuitatem</span> 
     </span>
     <span class='ocr_line' id='line_1_11' title="bbox 497 753 2140 807; baseline -0.004 -9"><span class='ocrx_word' id='word_1_58' title='bbox 497 758 686 799; x_wconf 86' lang='lat' dir='ltr'>Sleswik</span> <span class='ocrx_word' id='word_1_59' title='bbox 728 771 832 798; x_wconf 91' lang='lat' dir='ltr'>cum</span> <span class='ocrx_word' id='word_1_60' title='bbox 874 757 1008 797; x_wconf 87' lang='lat' dir='ltr'>fratre</span> <span class='ocrx_word' id='word_1_61' title='bbox 1050 770 1132 797; x_wconf 92' lang='lat' dir='ltr'>suo</span> <span class='ocrx_word' id='word_1_62' title='bbox 1172 758 1287 797; x_wconf 89' lang='lat' dir='ltr'>duce</span> <span class='ocrx_word' id='word_1_63' title='bbox 1320 756 1431 796; x_wconf 91' lang='lat' dir='ltr'>Abel</span> <span class='ocrx_word' id='word_1_64' title='bbox 1464 768 1601 796; x_wconf 88' lang='lat' dir='ltr'>causa</span> <span class='ocrx_word' id='word_1_65' title='bbox 1635 754 1806 807; x_wconf 80' lang='lat' dir='ltr'>solacij,</span> <span class='ocrx_word' id='word_1_66' title='bbox 1854 754 1971 794; x_wconf 90' lang='lat' dir='ltr'>facta</span> <span class='ocrx_word' id='word_1_67' title='bbox 2014 753 2140 806; x_wconf 89' lang='lat' dir='ltr'>prius</span> 
     </span>
     <span class='ocr_line' id='line_1_12' title="bbox 494 826 2141 883; baseline -0.004 -12"><span class='ocrx_word' id='word_1_68' title='bbox 494 831 611 870; x_wconf 90' lang='lat' dir='ltr'>inter</span> <span class='ocrx_word' id='word_1_69' title='bbox 651 843 727 871; x_wconf 91' lang='lat' dir='ltr'>eos</span> <span class='ocrx_word' id='word_1_70' title='bbox 767 843 890 883; x_wconf 77' lang='lat' dir='ltr'>pace,</span> <span class='ocrx_word' id='word_1_71' title='bbox 938 830 982 870; x_wconf 92' lang='lat' dir='ltr'>in</span> <span class='ocrx_word' id='word_1_72' title='bbox 1030 833 1162 869; x_wconf 90' lang='lat' dir='ltr'>nocte</span> <span class='ocrx_word' id='word_1_73' title='bbox 1209 828 1353 869; x_wconf 89' lang='lat' dir='ltr'>sancti</span> <span class='ocrx_word' id='word_1_74' title='bbox 1398 827 1627 880; x_wconf 87' lang='lat' dir='ltr'>Laurentij</span> <span class='ocrx_word' id='word_1_75' title='bbox 1672 840 1697 867; x_wconf 88' lang='lat' dir='ltr'>a</span> <span class='ocrx_word' id='word_1_76' title='bbox 1740 827 1874 867; x_wconf 84' lang='lat' dir='ltr'>fratre</span> <span class='ocrx_word' id='word_1_77' title='bbox 1914 839 1996 866; x_wconf 92' lang='lat' dir='ltr'>suo</span> <span class='ocrx_word' id='word_1_78' title='bbox 2030 826 2141 866; x_wconf 90' lang='lat' dir='ltr'>Abel</span> 
     </span>
     <span class='ocr_line' id='line_1_13' title="bbox 496 899 2141 956; baseline -0.003 -13"><span class='ocrx_word' id='word_1_79' title='bbox 496 906 656 956; x_wconf 87' lang='lat' dir='ltr'>captus</span> <span class='ocrx_word' id='word_1_80' title='bbox 688 907 772 952; x_wconf 90' lang='lat' dir='ltr'>est;</span> <span class='ocrx_word' id='word_1_81' title='bbox 822 916 958 956; x_wconf 88' lang='lat' dir='ltr'>quem</span> <span class='ocrx_word' id='word_1_82' title='bbox 1000 902 1187 955; x_wconf 86' lang='lat' dir='ltr'>quidam</span> <span class='ocrx_word' id='word_1_83' title='bbox 1222 901 1352 941; x_wconf 90' lang='lat' dir='ltr'>miles</span> <span class='ocrx_word' id='word_1_84' title='bbox 1385 900 1527 952; x_wconf 80' lang='lat' dir='ltr'>ducis,</span> <span class='ocrx_word' id='word_1_85' title='bbox 1570 901 1708 940; x_wconf 85' lang='lat' dir='ltr'>Lawo</span> <span class='ocrx_word' id='word_1_86' title='bbox 1743 899 2141 950; x_wconf 80' lang='lat' dir='ltr'>Guthmundssun,</span> 
     </span>
     <span class='ocr_line' id='line_1_14' title="bbox 494 971 2056 1028; baseline -0.003 -13"><span class='ocrx_word' id='word_1_87' title='bbox 494 975 618 1015; x_wconf 87' lang='lat' dir='ltr'>iuxta</span> <span class='ocrx_word' id='word_1_88' title='bbox 652 976 880 1028; x_wconf 75' lang='lat' dir='ltr'>Myosund</span> <span class='ocrx_word' id='word_1_89' title='bbox 914 974 1081 1015; x_wconf 89' lang='lat' dir='ltr'>occidit</span> <span class='ocrx_word' id='word_1_90' title='bbox 1112 978 1153 1013; x_wconf 89' lang='lat' dir='ltr'>et</span> <span class='ocrx_word' id='word_1_91' title='bbox 1186 986 1352 1026; x_wconf 87' lang='lat' dir='ltr'>corpus</span> <span class='ocrx_word' id='word_1_92' title='bbox 1385 973 1482 1013; x_wconf 91' lang='lat' dir='ltr'>eius</span> <span class='ocrx_word' id='word_1_93' title='bbox 1514 973 1560 1012; x_wconf 92' lang='lat' dir='ltr'>in</span> <span class='ocrx_word' id='word_1_94' title='bbox 1594 971 1747 1024; x_wconf 89' lang='lat' dir='ltr'>Slyam</span> <span class='ocrx_word' id='word_1_95' title='bbox 1782 971 2056 1023; x_wconf 78' lang='lat' dir='ltr'>submersit.)</span> 
     </span>
    </p>

    <p class='ocr_par' dir='ltr' id='par_1_6' title="bbox 497 1043 2142 1172">
     <span class='ocr_line' id='line_1_15' title="bbox 584 1043 2142 1097; baseline -0.003 -9"><span class='ocrx_word' id='word_1_96' title='bbox 584 1047 780 1088; x_wconf 87' lang='lat' dir='ltr'>MCCLI.</span> <span class='ocrx_word' id='word_1_97' title='bbox 828 1047 991 1087; x_wconf 88' lang='lat' dir='ltr'>Comes</span> <span class='ocrx_word' id='word_1_98' title='bbox 1011 1046 1228 1086; x_wconf 87' lang='lat' dir='ltr'>Nicolaus</span> <span class='ocrx_word' id='word_1_99' title='bbox 1254 1049 1295 1085; x_wconf 92' lang='lat' dir='ltr'>et</span> <span class='ocrx_word' id='word_1_100' title='bbox 1315 1045 1601 1086; x_wconf 85' lang='lat' dir='ltr'>Frethericus</span> <span class='ocrx_word' id='word_1_101' title='bbox 1629 1044 1863 1097; x_wconf 87' lang='lat' dir='ltr'>quondam</span> <span class='ocrx_word' id='word_1_102' title='bbox 1893 1043 2142 1096; x_wconf 87' lang='lat' dir='ltr'>imperator</span> 
     </span>
     <span class='ocr_line' id='line_1_16' title="bbox 497 1117 1688 1172; baseline -0.003 -12"><span class='ocrx_word' id='word_1_103' title='bbox 497 1124 538 1160; x_wconf 87' lang='lat' dir='ltr'>et</span> <span class='ocrx_word' id='word_1_104' title='bbox 570 1120 813 1160; x_wconf 85' lang='lat' dir='ltr'>Gunnerus</span> <span class='ocrx_word' id='word_1_105' title='bbox 845 1119 1088 1172; x_wconf 89' lang='lat' dir='ltr'>episcopus</span> <span class='ocrx_word' id='word_1_106' title='bbox 1121 1118 1432 1169; x_wconf 87' lang='lat' dir='ltr'>Wibergensis</span> <span class='ocrx_word' id='word_1_107' title='bbox 1465 1117 1688 1158; x_wconf 87' lang='lat' dir='ltr'>obierunt.</span> 
     </span>
    </p>

    <p class='ocr_par' dir='ltr' id='par_1_7' title="bbox 496 1189 2142 1389">
     <span class='ocr_line' id='line_1_17' title="bbox 584 1189 2142 1241; baseline -0.003 -8"><span class='ocrx_word' id='word_1_108' title='bbox 584 1192 802 1233; x_wconf 90' lang='lat' dir='ltr'>MCCLII.</span> <span class='ocrx_word' id='word_1_109' title='bbox 849 1191 961 1231; x_wconf 89' lang='lat' dir='ltr'>Abel</span> <span class='ocrx_word' id='word_1_110' title='bbox 993 1204 1070 1230; x_wconf 81' lang='lat' dir='ltr'>rex</span> <span class='ocrx_word' id='word_1_111' title='bbox 1095 1190 1141 1230; x_wconf 92' lang='lat' dir='ltr'>in</span> <span class='ocrx_word' id='word_1_112' title='bbox 1163 1189 1307 1230; x_wconf 87' lang='lat' dir='ltr'>Frisia</span> <span class='ocrx_word' id='word_1_113' title='bbox 1339 1189 1517 1230; x_wconf 88' lang='lat' dir='ltr'>occisus</span> <span class='ocrx_word' id='word_1_114' title='bbox 1551 1193 1616 1229; x_wconf 91' lang='lat' dir='ltr'>est</span> <span class='ocrx_word' id='word_1_115' title='bbox 1648 1189 1783 1240; x_wconf 82' lang='lat' dir='ltr'>(iuxta</span> <span class='ocrx_word' id='word_1_116' title='bbox 1806 1189 2142 1241; x_wconf 86' lang='lat' dir='ltr'>Mildaenburgh</span> 
     </span>
     <span class='ocr_line' id='line_1_18' title="bbox 496 1261 2140 1320; baseline -0.002 -16"><span class='ocrx_word' id='word_1_117' title='bbox 496 1264 646 1316; x_wconf 80' lang='lat' dir='ltr'>vigilia</span> <span class='ocrx_word' id='word_1_118' title='bbox 682 1264 800 1304; x_wconf 85' lang='lat' dir='ltr'>Petri</span> <span class='ocrx_word' id='word_1_119' title='bbox 833 1268 873 1304; x_wconf 87' lang='lat' dir='ltr'>et</span> <span class='ocrx_word' id='word_1_120' title='bbox 907 1263 1050 1313; x_wconf 84' lang='lat' dir='ltr'>Pauli,</span> <span class='ocrx_word' id='word_1_121' title='bbox 1098 1262 1237 1303; x_wconf 88' lang='lat' dir='ltr'>Addit.</span> <span class='ocrx_word' id='word_1_122' title='bbox 1274 1262 1376 1313; x_wconf 67' lang='lat' dir='ltr'>vet).</span> <span class='ocrx_word' id='word_1_123' title='bbox 1441 1261 1528 1320; x_wconf 19' lang='lat' dir='ltr'>Cui·</span> <span class='ocrx_word' id='word_1_124' title='bbox 1567 1262 1784 1302; x_wconf 89' lang='lat' dir='ltr'>successit</span> <span class='ocrx_word' id='word_1_125' title='bbox 1817 1261 2140 1302; x_wconf 85' lang='lat' dir='ltr'>Christoforus.</span> 
     </span>
     <span class='ocr_line' id='line_1_19' title="bbox 498 1336 1178 1389; baseline -0.003 -12"><span class='ocrx_word' id='word_1_126' title='bbox 498 1336 624 1389; x_wconf 83' lang='lat' dir='ltr'>Obijt</span> <span class='ocrx_word' id='word_1_127' title='bbox 658 1336 759 1376; x_wconf 88' lang='lat' dir='ltr'>Uffo</span> <span class='ocrx_word' id='word_1_128' title='bbox 792 1336 1178 1388; x_wconf 85' lang='lat' dir='ltr'>archiepiscopus.</span> 
     </span>
    </p>

    <p class='ocr_par' dir='ltr' id='par_1_8' title="bbox 582 1406 2096 1461">
     <span class='ocr_line' id='line_1_20' title="bbox 582 1406 2096 1461; baseline -0.002 -12"><span class='ocrx_word' id='word_1_129' title='bbox 582 1408 807 1455; x_wconf 78' lang='lat' dir='ltr'>(Videatur</span> <span class='ocrx_word' id='word_1_130' title='bbox 839 1407 1137 1461; x_wconf 79' lang='lat' dir='ltr'>Appendicula</span> <span class='ocrx_word' id='word_1_131' title='bbox 1171 1407 1273 1447; x_wconf 81' lang='lat' dir='ltr'>huic</span> <span class='ocrx_word' id='word_1_132' title='bbox 1303 1406 1521 1447; x_wconf 72' lang='lat' dir='ltr'>clironicoe</span> <span class='ocrx_word' id='word_1_133' title='bbox 1551 1406 1784 1447; x_wconf 80' lang='lat' dir='ltr'>subiuncta</span> <span class='ocrx_word' id='word_1_134' title='bbox 1811 1420 1856 1460; x_wconf 84' lang='grc' dir='ltr'>ρ.</span> <span class='ocrx_word' id='word_1_135' title='bbox 1893 1407 1944 1446; x_wconf 80' lang='lat'>72</span> <span class='ocrx_word' id='word_1_136' title='bbox 1972 1410 2096 1458; x_wconf 61' lang='lat' dir='ltr'>sqq).</span> 
     </span>
    </p>

    <p class='ocr_par' dir='ltr' id='par_1_9' title="bbox 498 1478 2142 1605">
     <span class='ocr_line' id='line_1_21' title="bbox 583 1478 2142 1532; baseline -0.001 -11"><span class='ocrx_word' id='word_1_137' title='bbox 583 1480 825 1521; x_wconf 90' lang='lat' dir='ltr'>MCCLIII.</span> <span class='ocrx_word' id='word_1_138' title='bbox 890 1480 1065 1520; x_wconf 82' lang='lat' dir='ltr'>Bellum</span> <span class='ocrx_word' id='word_1_139' title='bbox 1108 1480 1189 1520; x_wconf 81' lang='lat' dir='ltr'>fuit</span> <span class='ocrx_word' id='word_1_140' title='bbox 1232 1479 1526 1532; x_wconf 76' lang='lat' dir='ltr'>Skyaelfiskor</span> <span class='ocrx_word' id='word_1_141' title='bbox 1565 1479 1681 1520; x_wconf 89' lang='lat' dir='ltr'>inter</span> <span class='ocrx_word' id='word_1_142' title='bbox 1721 1478 2057 1520; x_wconf 84' lang='lat' dir='ltr'>Christoforum</span> <span class='ocrx_word' id='word_1_143' title='bbox 2100 1482 2142 1518; x_wconf 92' lang='lat' dir='ltr'>et</span> 
     </span>
     <span class='ocr_line' id='line_1_22' title="bbox 498 1553 1122 1605; baseline 0 -12"><span class='ocrx_word' id='word_1_144' title='bbox 498 1553 747 1593; x_wconf 86' lang='lat' dir='ltr'>Henricum</span> <span class='ocrx_word' id='word_1_145' title='bbox 783 1553 1122 1605; x_wconf 82' lang='lat' dir='ltr'>Haemaelthorp.</span> 
     </span>
    </p>

    <p class='ocr_par' dir='ltr' id='par_1_10' title="bbox 498 1623 2141 1750">
     <span class='ocr_line' id='line_1_23' title="bbox 582 1623 2141 1677; baseline -0.002 -11"><span class='ocrx_word' id='word_1_146' title='bbox 582 1625 848 1666; x_wconf 87' lang='lat' dir='ltr'>MCCLIIII.</span> <span class='ocrx_word' id='word_1_147' title='bbox 910 1625 1114 1666; x_wconf 86' lang='lat' dir='ltr'>Jacobus</span> <span class='ocrx_word' id='word_1_148' title='bbox 1160 1625 1306 1664; x_wconf 89' lang='lat' dir='ltr'>factus</span> <span class='ocrx_word' id='word_1_149' title='bbox 1353 1628 1416 1663; x_wconf 89' lang='lat' dir='ltr'>est</span> <span class='ocrx_word' id='word_1_150' title='bbox 1463 1624 1837 1677; x_wconf 86' lang='lat' dir='ltr'>archiepiscopus</span> <span class='ocrx_word' id='word_1_151' title='bbox 1882 1623 2141 1664; x_wconf 90' lang='lat' dir='ltr'>Lundensis</span> 
     </span>
     <span class='ocr_line' id='line_1_24' title="bbox 498 1697 1366 1750; baseline -0.002 -12"><span class='ocrx_word' id='word_1_152' title='bbox 498 1702 539 1738; x_wconf 89' lang='lat' dir='ltr'>et</span> <span class='ocrx_word' id='word_1_153' title='bbox 572 1699 730 1738; x_wconf 89' lang='lat' dir='ltr'>Petrus</span> <span class='ocrx_word' id='word_1_154' title='bbox 764 1697 1006 1750; x_wconf 88' lang='lat' dir='ltr'>episcopus</span> <span class='ocrx_word' id='word_1_155' title='bbox 1041 1697 1366 1738; x_wconf 88' lang='lat' dir='ltr'>Roskildensis.</span> 
     </span>
    </p>

    <p class='ocr_par' dir='ltr' id='par_1_11' title="bbox 496 1768 2139 1883">
     <span class='ocr_line' id='line_1_25' title="bbox 583 1768 2139 1822; baseline -0.001 -12"><span class='ocrx_word' id='word_1_156' title='bbox 583 1769 819 1811; x_wconf 91' lang='lat' dir='ltr'>MCCLVI.</span> <span class='ocrx_word' id='word_1_157' title='bbox 883 1769 1009 1822; x_wconf 90' lang='lat' dir='ltr'>Obijt</span> <span class='ocrx_word' id='word_1_158' title='bbox 1052 1770 1211 1809; x_wconf 84' lang='lat' dir='ltr'>Petrus</span> <span class='ocrx_word' id='word_1_159' title='bbox 1252 1769 1478 1816; x_wconf 84' lang='lat' dir='ltr'>Ebbonis;</span> <span class='ocrx_word' id='word_1_160' title='bbox 1527 1773 1569 1809; x_wconf 87' lang='lat' dir='ltr'>et</span> <span class='ocrx_word' id='word_1_161' title='bbox 1614 1769 1771 1810; x_wconf 77' lang='lat' dir='ltr'>rustici</span> <span class='ocrx_word' id='word_1_162' title='bbox 1818 1769 2050 1809; x_wconf 88' lang='lat' dir='ltr'>seuierunt</span> <span class='ocrx_word' id='word_1_163' title='bbox 2094 1768 2139 1808; x_wconf 90' lang='lat' dir='ltr'>in</span> 
     </span>
     <span class='ocr_line' id='line_1_26' title="bbox 496 1841 988 1883; baseline 0 -1"><span class='ocrx_word' id='word_1_164' title='bbox 496 1842 661 1883; x_wconf 87' lang='lat' dir='ltr'>milites</span> <span class='ocrx_word' id='word_1_165' title='bbox 695 1855 799 1882; x_wconf 90' lang='lat' dir='ltr'>cum</span> <span class='ocrx_word' id='word_1_166' title='bbox 833 1841 988 1882; x_wconf 90' lang='lat' dir='ltr'>clauis.</span> 
     </span>
    </p>

    <p class='ocr_par' dir='ltr' id='par_1_12' title="bbox 581 1913 2140 1967">
     <span class='ocr_line' id='line_1_27' title="bbox 581 1913 2140 1967; baseline -0.001 -12"><span class='ocrx_word' id='word_1_167' title='bbox 581 1913 855 1967; x_wconf 87' lang='lat' dir='ltr'>(MCCLVII.</span> <span class='ocrx_word' id='word_1_168' title='bbox 906 1914 1148 1967; x_wconf 89' lang='lat' dir='ltr'>Haquinus</span> <span class='ocrx_word' id='word_1_169' title='bbox 1173 1927 1252 1954; x_wconf 81' lang='lat' dir='ltr'>rex</span> <span class='ocrx_word' id='word_1_170' title='bbox 1270 1914 1493 1966; x_wconf 85' lang='lat' dir='ltr'>Noruegie</span> <span class='ocrx_word' id='word_1_171' title='bbox 1516 1914 1600 1954; x_wconf 83' lang='lat' dir='ltr'>fuit</span> <span class='ocrx_word' id='word_1_172' title='bbox 1617 1914 1663 1954; x_wconf 91' lang='lat' dir='ltr'>in</span> <span class='ocrx_word' id='word_1_173' title='bbox 1684 1914 1837 1955; x_wconf 83' lang='lat' dir='ltr'>Dacia.</span> <span class='ocrx_word' id='word_1_174' title='bbox 1886 1914 2028 1954; x_wconf 83' lang='lat' dir='ltr'>Addit.</span> <span class='ocrx_word' id='word_1_175' title='bbox 2050 1915 2140 1966; x_wconf 75' lang='lat' dir='ltr'>vet.)</span> 
     </span>
    </p>

    <p class='ocr_par' dir='ltr' id='par_1_13' title="bbox 583 1986 2138 2039">
     <span class='ocr_line' id='line_1_28' title="bbox 583 1986 2138 2039; baseline -0.001 -12"><span class='ocrx_word' id='word_1_176' title='bbox 583 1986 865 2027; x_wconf 91' lang='lat' dir='ltr'>MCCLVIII.</span> <span class='ocrx_word' id='word_1_177' title='bbox 916 1987 1092 2026; x_wconf 90' lang='lat' dir='ltr'>Bellum</span> <span class='ocrx_word' id='word_1_178' title='bbox 1120 1986 1202 2026; x_wconf 84' lang='lat' dir='ltr'>fuit</span> <span class='ocrx_word' id='word_1_179' title='bbox 1222 1987 1495 2039; x_wconf 86' lang='lat' dir='ltr'>Kycaethorp</span> <span class='ocrx_word' id='word_1_180' title='bbox 1528 1986 1644 2026; x_wconf 91' lang='lat' dir='ltr'>inter</span> <span class='ocrx_word' id='word_1_181' title='bbox 1676 1998 1826 2038; x_wconf 86' lang='lat' dir='ltr'>regem</span> <span class='ocrx_word' id='word_1_182' title='bbox 1860 1991 1900 2026; x_wconf 90' lang='lat' dir='ltr'>et</span> <span class='ocrx_word' id='word_1_183' title='bbox 1932 1987 2138 2027; x_wconf 91' lang='lat' dir='ltr'>rusticos.</span> 
     </span>
    </p>
   </div>
   <div class='ocr_carea' id='block_1_6' title="bbox 521 2082 2140 2086">
    <p class='ocr_par' dir='ltr' id='par_1_14' title="bbox 521 2082 2140 2086">
     <span class='ocr_line' id='line_1_29' title="bbox 521 2082 2140 2086; baseline 0 0"><span class='ocrx_word' id='word_1_184' title='bbox 521 2082 2140 2086; x_wconf 95' lang='lat' dir='ltr'> </span> 
     </span>
    </p>
   </div>
   <div class='ocr_carea' id='block_1_7' title="bbox 495 2134 2140 2410">
    <p class='ocr_par' dir='ltr' id='par_1_15' title="bbox 495 2134 2140 2410">
     <span class='ocr_line' id='line_1_30' title="bbox 586 2134 2140 2179; baseline 0.001 -10"><span class='ocrx_word' id='word_1_185' title='bbox 586 2135 617 2170; x_wconf 90' lang='lat'>1.</span> <span class='ocrx_word' id='word_1_186' title='bbox 640 2134 876 2170; x_wconf 85' lang='lat' dir='ltr'>debuerunt</span> <span class='ocrx_word' id='word_1_187' title='bbox 900 2135 946 2170; x_wconf 90' lang='lat' dir='ltr'>H.</span> <span class='ocrx_word' id='word_1_188' title='bbox 1009 2134 1128 2169; x_wconf 84' lang='lat'>2—3.</span> <span class='ocrx_word' id='word_1_189' title='bbox 1156 2134 1450 2179; x_wconf 82' lang='lat' dir='ltr'>Bremmensis,</span> <span class='ocrx_word' id='word_1_190' title='bbox 1478 2134 1689 2170; x_wconf 87' lang='lat' dir='ltr'>Gerardus</span> <span class='ocrx_word' id='word_1_191' title='bbox 1708 2134 2074 2170; x_wconf 86' lang='lat' dir='ltr'>Padebornnensis</span> <span class='ocrx_word' id='word_1_192' title='bbox 2093 2135 2140 2178; x_wconf 83' lang='lat' dir='ltr'>H,</span> 
     </span>
     <span class='ocr_line' id='line_1_31' title="bbox 495 2191 2140 2237; baseline -0.001 -10"><span class='ocrx_word' id='word_1_193' title='bbox 495 2192 644 2227; x_wconf 82' lang='lat' dir='ltr'>omisso</span> <span class='ocrx_word' id='word_1_194' title='bbox 671 2192 839 2237; x_wconf 87' lang='lat' dir='ltr'>Symon.</span> <span class='ocrx_word' id='word_1_195' title='bbox 904 2192 937 2227; x_wconf 87' lang='lat'>3.</span> <span class='ocrx_word' id='word_1_196' title='bbox 970 2192 1195 2237; x_wconf 82' lang='lat' dir='ltr'>episcopus</span> <span class='ocrx_word' id='word_1_197' title='bbox 1225 2191 1375 2227; x_wconf 77' lang='lat' dir='ltr'>addidi.</span> <span class='ocrx_word' id='word_1_198' title='bbox 1454 2192 1822 2227; x_wconf 86' lang='lat' dir='ltr'>Pandeburnensis</span> <span class='ocrx_word' id='word_1_199' title='bbox 1850 2192 1899 2228; x_wconf 85' lang='lat' dir='ltr'>M.</span> <span class='ocrx_word' id='word_1_200' title='bbox 1975 2192 2140 2227; x_wconf 88' lang='lat' dir='ltr'>comitis</span> 
     </span>
     <span class='ocr_line' id='line_1_32' title="bbox 498 2246 2139 2295; baseline 0.001 -11"><span class='ocrx_word' id='word_1_201' title='bbox 498 2248 696 2285; x_wconf 85' lang='lat' dir='ltr'>Holsatiae</span> <span class='ocrx_word' id='word_1_202' title='bbox 729 2249 756 2284; x_wconf 93' lang='lat' dir='ltr'>S</span> <span class='ocrx_word' id='word_1_203' title='bbox 789 2251 825 2284; x_wconf 83' lang='lat' dir='ltr'>et</span> <span class='ocrx_word' id='word_1_204' title='bbox 852 2246 944 2293; x_wconf 75' lang='lat' dir='ltr'>fort.</span> <span class='ocrx_word' id='word_1_205' title='bbox 981 2248 1026 2284; x_wconf 88' lang='lat' dir='ltr'>H.</span> <span class='ocrx_word' id='word_1_206' title='bbox 1104 2251 1136 2283; x_wconf 82' lang='lat'>4.</span> <span class='ocrx_word' id='word_1_207' title='bbox 1172 2249 1418 2295; x_wconf 83' lang='lat' dir='ltr'>Rensburgh</span> <span class='ocrx_word' id='word_1_208' title='bbox 1454 2249 1499 2285; x_wconf 90' lang='lat' dir='ltr'>H.</span> <span class='ocrx_word' id='word_1_209' title='bbox 1581 2249 1819 2295; x_wconf 83' lang='lat' dir='ltr'>quingentis</span> <span class='ocrx_word' id='word_1_210' title='bbox 1853 2250 1900 2293; x_wconf 84' lang='lat' dir='ltr'>H,</span> <span class='ocrx_word' id='word_1_211' title='bbox 1940 2249 2008 2284; x_wconf 81' lang='lat' dir='ltr'>sed</span> <span class='ocrx_word' id='word_1_212' title='bbox 2039 2259 2139 2286; x_wconf 75' lang='lat' dir='ltr'>corr.</span> 
     </span>
     <span class='ocr_line' id='line_1_33' title="bbox 497 2305 2139 2352; baseline 0 -11"><span class='ocrx_word' id='word_1_213' title='bbox 497 2306 538 2341; x_wconf 84' lang='lat' dir='ltr'>in</span> <span class='ocrx_word' id='word_1_214' title='bbox 570 2306 888 2352; x_wconf 76' lang='lat' dir='ltr'>quadringentis</span> <span class='ocrx_word' id='word_1_215' title='bbox 921 2316 972 2341; x_wconf 89' lang='lat' dir='ltr'>m.</span> <span class='ocrx_word' id='word_1_216' title='bbox 1006 2305 1041 2349; x_wconf 82' lang='lat'>1,</span> <span class='ocrx_word' id='word_1_217' title='bbox 1088 2306 1197 2350; x_wconf 83' lang='lat' dir='ltr'>quod</span> <span class='ocrx_word' id='word_1_218' title='bbox 1227 2306 1373 2351; x_wconf 71' lang='lat' dir='ltr'>recepIt</span> <span class='ocrx_word' id='word_1_219' title='bbox 1403 2305 1441 2342; x_wconf 88' lang='lat' dir='ltr'>S.</span> <span class='ocrx_word' id='word_1_220' title='bbox 1531 2306 1753 2342; x_wconf 78' lang='lat' dir='ltr'>dextrariis</span> <span class='ocrx_word' id='word_1_221' title='bbox 1786 2306 1842 2351; x_wconf 82' lang='lat' dir='ltr'>M3</span> <span class='ocrx_word' id='word_1_222' title='bbox 1889 2306 2060 2342; x_wconf 81' lang='lat' dir='ltr'>armatis</span> <span class='ocrx_word' id='word_1_223' title='bbox 2093 2306 2139 2343; x_wconf 85' lang='lat' dir='ltr'>H.</span> 
     </span>
     <span class='ocr_line' id='line_1_34' title="bbox 498 2362 2140 2410; baseline 0 -12"><span class='ocrx_word' id='word_1_224' title='bbox 498 2364 532 2399; x_wconf 86' lang='lat'>6.</span> <span class='ocrx_word' id='word_1_225' title='bbox 553 2363 817 2399; x_wconf 72' lang='lat' dir='ltr'>Dannevirko</span> <span class='ocrx_word' id='word_1_226' title='bbox 833 2363 880 2398; x_wconf 89' lang='lat' dir='ltr'>H.</span> <span class='ocrx_word' id='word_1_227' title='bbox 931 2363 965 2398; x_wconf 88' lang='lat'>7.</span> <span class='ocrx_word' id='word_1_228' title='bbox 984 2362 1170 2408; x_wconf 86' lang='lat' dir='ltr'>Slesvigh</span> <span class='ocrx_word' id='word_1_229' title='bbox 1189 2363 1235 2398; x_wconf 91' lang='lat' dir='ltr'>H.</span> <span class='ocrx_word' id='word_1_230' title='bbox 1282 2363 1439 2407; x_wconf 80' lang='lat' dir='ltr'>solacii⁷</span> <span class='ocrx_word' id='word_1_231' title='bbox 1459 2363 1480 2398; x_wconf 86' lang='lat' dir='ltr'>i.</span> <span class='ocrx_word' id='word_1_232' title='bbox 1495 2374 1523 2399; x_wconf 85' lang='lat' dir='ltr'>e.</span> <span class='ocrx_word' id='word_1_233' title='bbox 1540 2363 1692 2399; x_wconf 84' lang='lat' dir='ltr'>auxilii.</span> <span class='ocrx_word' id='word_1_234' title='bbox 1741 2365 1775 2399; x_wconf 85' lang='lat'>8.</span> <span class='ocrx_word' id='word_1_235' title='bbox 1791 2374 1862 2398; x_wconf 91' lang='lat' dir='ltr'>eos</span> <span class='ocrx_word' id='word_1_236' title='bbox 1880 2364 1937 2408; x_wconf 82' lang='grc' dir='ltr'>Μ;</span> <span class='ocrx_word' id='word_1_237' title='bbox 1962 2364 2076 2410; x_wconf 90' lang='lat' dir='ltr'>ipsos</span> <span class='ocrx_word' id='word_1_238' title='bbox 2093 2364 2140 2399; x_wconf 91' lang='lat' dir='ltr'>H.</span> 
     </span>
    </p>
   </div>
   <div class='ocr_carea' id='block_1_8' title="bbox 495 2419 2141 2523">
    <p class='ocr_par' dir='ltr' id='par_1_16' title="bbox 495 2419 2141 2523">
     <span class='ocr_line' id='line_1_35' title="bbox 498 2419 2139 2456; baseline 0 -1"><span class='ocrx_word' id='word_1_239' title='bbox 498 2420 532 2455; x_wconf 87' lang='lat'>9.</span> <span class='ocrx_word' id='word_1_240' title='bbox 551 2420 663 2455; x_wconf 87' lang='lat' dir='ltr'>Lavo</span> <span class='ocrx_word' id='word_1_241' title='bbox 682 2420 952 2455; x_wconf 74' lang='lat' dir='ltr'>Gudmanson</span> <span class='ocrx_word' id='word_1_242' title='bbox 975 2420 1019 2455; x_wconf 88' lang='lat' dir='ltr'>H.</span> <span class='ocrx_word' id='word_1_243' title='bbox 1085 2419 1144 2455; x_wconf 86' lang='lat'>10.</span> <span class='ocrx_word' id='word_1_244' title='bbox 1165 2419 1290 2455; x_wconf 88' lang='lat' dir='ltr'>Sliam</span> <span class='ocrx_word' id='word_1_245' title='bbox 1311 2420 1357 2455; x_wconf 89' lang='lat' dir='ltr'>H.</span> <span class='ocrx_word' id='word_1_246' title='bbox 1412 2420 1507 2455; x_wconf 86' lang='lat' dir='ltr'>Post</span> <span class='ocrx_word' id='word_1_247' title='bbox 1524 2420 1751 2456; x_wconf 85' lang='lat' dir='ltr'>submersit</span> <span class='ocrx_word' id='word_1_248' title='bbox 1770 2421 1837 2456; x_wconf 93' lang='lat' dir='ltr'>HS</span> <span class='ocrx_word' id='word_1_249' title='bbox 1854 2420 2005 2455; x_wconf 78' lang='lat' dir='ltr'>liabent</span> <span class='ocrx_word' id='word_1_250' title='bbox 2021 2419 2139 2455; x_wconf 74' lang='lat' dir='ltr'>verba</span> 
     </span>
     <span class='ocr_line' id='line_1_36' title="bbox 495 2476 2141 2523; baseline 0 -11"><span class='ocrx_word' id='word_1_251' title='bbox 495 2477 679 2523; x_wconf 78' lang='lat' dir='ltr'>superius</span> <span class='ocrx_word' id='word_1_252' title='bbox 700 2488 739 2522; x_wconf 81' lang='lat' dir='ltr'>p.</span> <span class='ocrx_word' id='word_1_253' title='bbox 759 2476 821 2522; x_wconf 86' lang='lat'>67,</span> <span class='ocrx_word' id='word_1_254' title='bbox 837 2477 942 2512; x_wconf 80' lang='lat'>11—</span> <span class='ocrx_word' id='word_1_255' title='bbox 954 2477 997 2512; x_wconf 79' lang='lat'>18</span> <span class='ocrx_word' id='word_1_256' title='bbox 1024 2476 1193 2513; x_wconf 81' lang='lat' dir='ltr'>omissa:</span> <span class='ocrx_word' id='word_1_257' title='bbox 1228 2477 1451 2513; x_wconf 91' lang='lat' dir='ltr'>Sciendum</span> <span class='ocrx_word' id='word_1_258' title='bbox 1471 2507 1477 2513; x_wconf 88' lang='lat'>.</span> <span class='ocrx_word' id='word_1_259' title='bbox 1498 2507 1504 2513; x_wconf 93' lang='lat'>.</span> <span class='ocrx_word' id='word_1_260' title='bbox 1522 2478 1694 2523; x_wconf 81' lang='lat' dir='ltr'>amicus,</span> <span class='ocrx_word' id='word_1_261' title='bbox 1726 2488 1816 2513; x_wconf 80' lang='lat' dir='ltr'>cum</span> <span class='ocrx_word' id='word_1_262' title='bbox 1843 2477 1906 2513; x_wconf 77' lang='lat' dir='ltr'>his</span> <span class='ocrx_word' id='word_1_263' title='bbox 1929 2477 2141 2523; x_wconf 74' lang='lat' dir='ltr'>scripturoe</span> 
     </span>
    </p>
   </div>
   <div class='ocr_carea' id='block_1_9' title="bbox 453 2533 2139 2581">
    <p class='ocr_par' dir='ltr' id='par_1_17' title="bbox 453 2533 2139 2581">
     <span class='ocr_line' id='line_1_37' title="bbox 453 2533 2139 2581; baseline 0.001 -12"><span class='ocrx_word' id='word_1_264' title='bbox 453 2533 458 2536; x_wconf 73' lang='grc'><em>”</em></span> <span class='ocrx_word' id='word_1_265' title='bbox 496 2533 795 2579; x_wconf 78' lang='lat' dir='ltr'>discrepantiis:</span> <span class='ocrx_word' id='word_1_266' title='bbox 843 2545 881 2580; x_wconf 87' lang='lat' dir='ltr'>p.</span> <span class='ocrx_word' id='word_1_267' title='bbox 924 2535 987 2577; x_wconf 78' lang='lat'>67,</span> <span class='ocrx_word' id='word_1_268' title='bbox 1017 2534 1192 2570; x_wconf 84' lang='lat'>11—12.</span> <span class='ocrx_word' id='word_1_269' title='bbox 1241 2534 1462 2570; x_wconf 88' lang='lat' dir='ltr'>Sciendum</span> <span class='ocrx_word' id='word_1_270' title='bbox 1511 2538 1695 2579; x_wconf 83' lang='lat' dir='ltr'>autem,</span> <span class='ocrx_word' id='word_1_271' title='bbox 1741 2535 1878 2581; x_wconf 90' lang='lat' dir='ltr'>quod</span> <span class='ocrx_word' id='word_1_272' title='bbox 1926 2545 1961 2569; x_wconf 90' lang='grc' dir='ltr'>ο.</span> <span class='ocrx_word' id='word_1_273' title='bbox 2008 2546 2038 2570; x_wconf 89' lang='lat' dir='ltr'>r.</span> <span class='ocrx_word' id='word_1_274' title='bbox 2088 2545 2139 2570; x_wconf 91' lang='lat' dir='ltr'>m.</span> 
     </span>
    </p>
   </div>
   <div class='ocr_carea' id='block_1_10' title="bbox 494 2589 2140 3037">
    <p class='ocr_par' dir='ltr' id='par_1_18' title="bbox 494 2589 2140 3037">
     <span class='ocr_line' id='line_1_38' title="bbox 496 2589 2138 2639; baseline 0 -13"><span class='ocrx_word' id='word_1_275' title='bbox 496 2589 724 2639; x_wconf 79' lang='lat' dir='ltr'>aul(h)ores</span> <span class='ocrx_word' id='word_1_276' title='bbox 766 2591 868 2626; x_wconf 91' lang='lat' dir='ltr'>ultio</span> <span class='ocrx_word' id='word_1_277' title='bbox 908 2591 944 2627; x_wconf 92' lang='lat' dir='ltr'>d.</span> <span class='ocrx_word' id='word_1_278' title='bbox 988 2591 1194 2627; x_wconf 91' lang='lat' dir='ltr'>domini.</span> <span class='ocrx_word' id='word_1_279' title='bbox 1270 2602 1305 2637; x_wconf 91' lang='lat' dir='ltr'>p.</span> <span class='ocrx_word' id='word_1_280' title='bbox 1341 2592 1404 2635; x_wconf 81' lang='lat'>67,</span> <span class='ocrx_word' id='word_1_281' title='bbox 1426 2593 1601 2628; x_wconf 77' lang='grc'>15-16,</span> <span class='ocrx_word' id='word_1_282' title='bbox 1636 2592 1788 2636; x_wconf 78' lang='lat' dir='ltr'>deuoti,</span> <span class='ocrx_word' id='word_1_283' title='bbox 1836 2592 1875 2627; x_wconf 91' lang='lat' dir='ltr'>in</span> <span class='ocrx_word' id='word_1_284' title='bbox 1908 2590 2002 2639; x_wconf 84' lang='lat' dir='ltr'>(om.</span> <span class='ocrx_word' id='word_1_285' title='bbox 2035 2589 2138 2638; x_wconf 90' lang='lat' dir='ltr'>et)..</span> 
     </span>
     <span class='ocr_line' id='line_1_39' title="bbox 496 2648 2138 2695; baseline 0.001 -13"><span class='ocrx_word' id='word_1_286' title='bbox 496 2648 762 2684; x_wconf 86' lang='lat' dir='ltr'>succurrerit.</span> <span class='ocrx_word' id='word_1_287' title='bbox 838 2658 875 2694; x_wconf 91' lang='lat' dir='ltr'>p.</span> <span class='ocrx_word' id='word_1_288' title='bbox 911 2648 1056 2692; x_wconf 80' lang='lat'>67,17.</span> <span class='ocrx_word' id='word_1_289' title='bbox 1094 2648 1136 2682; x_wconf 88' lang='lat' dir='ltr'>in</span> <span class='ocrx_word' id='word_1_290' title='bbox 1180 2648 1394 2694; x_wconf 86' lang='lat' dir='ltr'>epitaphio</span> <span class='ocrx_word' id='word_1_291' title='bbox 1443 2649 1541 2685; x_wconf 78' lang='lat' dir='ltr'>eius,</span> <span class='ocrx_word' id='word_1_292' title='bbox 1618 2660 1656 2695; x_wconf 89' lang='lat' dir='ltr'>p.</span> <span class='ocrx_word' id='word_1_293' title='bbox 1697 2649 1842 2692; x_wconf 58' lang='lat'>6218.</span> <span class='ocrx_word' id='word_1_294' title='bbox 1882 2659 1952 2684; x_wconf 81' lang='lat' dir='ltr'>rex</span> <span class='ocrx_word' id='word_1_295' title='bbox 1992 2659 2070 2684; x_wconf 87' lang='lat' dir='ltr'>om.</span> <span class='ocrx_word' id='word_1_296' title='bbox 2111 2648 2138 2683; x_wconf 94' lang='lat' dir='ltr'>S</span> 
     </span>
     <span class='ocr_line' id='line_1_40' title="bbox 494 2703 2137 2752; baseline 0 -12"><span class='ocrx_word' id='word_1_297' title='bbox 494 2703 592 2752; x_wconf 84' lang='lat' dir='ltr'>(non</span> <span class='ocrx_word' id='word_1_298' title='bbox 628 2703 689 2752; x_wconf 84' lang='grc' dir='ltr'>Η).</span> <span class='ocrx_word' id='word_1_299' title='bbox 730 2725 783 2729; x_wconf 91' lang='lat'><strong>—</strong></span> <span class='ocrx_word' id='word_1_300' title='bbox 829 2706 888 2740; x_wconf 88' lang='lat'>11.</span> <span class='ocrx_word' id='word_1_301' title='bbox 923 2705 1170 2741; x_wconf 82' lang='lat' dir='ltr'>Fredericus</span> <span class='ocrx_word' id='word_1_302' title='bbox 1203 2705 1257 2749; x_wconf 91' lang='lat' dir='ltr'>H;</span> <span class='ocrx_word' id='word_1_303' title='bbox 1304 2705 1544 2741; x_wconf 81' lang='lat' dir='ltr'>Fridericus</span> <span class='ocrx_word' id='word_1_304' title='bbox 1584 2706 1624 2742; x_wconf 89' lang='lat' dir='ltr'>S.</span> <span class='ocrx_word' id='word_1_305' title='bbox 1703 2706 1762 2741; x_wconf 98' lang='lat'>12.</span> <span class='ocrx_word' id='word_1_306' title='bbox 1795 2706 2059 2751; x_wconf 74' lang='lat' dir='ltr'>vibergensis</span> <span class='ocrx_word' id='word_1_307' title='bbox 2092 2706 2137 2741; x_wconf 92' lang='lat' dir='ltr'>H.</span> 
     </span>
     <span class='ocr_line' id='line_1_41' title="bbox 502 2761 2140 2798; baseline 0.001 -2"><span class='ocrx_word' id='word_1_308' title='bbox 502 2762 673 2798; x_wconf 79' lang='lat'>13—14.</span> <span class='ocrx_word' id='word_1_309' title='bbox 699 2761 1023 2797; x_wconf 76' lang='lat' dir='ltr'>additamentum</span> <span class='ocrx_word' id='word_1_310' title='bbox 1057 2762 1168 2797; x_wconf 78' lang='lat' dir='ltr'>iuxta</span> <span class='ocrx_word' id='word_1_311' title='bbox 1190 2762 1358 2797; x_wconf 87' lang='lat' dir='ltr'>..Pauli</span> <span class='ocrx_word' id='word_1_312' title='bbox 1392 2773 1472 2798; x_wconf 81' lang='lat' dir='ltr'>non</span> <span class='ocrx_word' id='word_1_313' title='bbox 1502 2762 1621 2798; x_wconf 81' lang='lat' dir='ltr'>habet</span> <span class='ocrx_word' id='word_1_314' title='bbox 1645 2763 1691 2798; x_wconf 95' lang='lat' dir='ltr'>H.</span> <span class='ocrx_word' id='word_1_315' title='bbox 1755 2763 1931 2798; x_wconf 82' lang='lat'>14—15.</span> <span class='ocrx_word' id='word_1_316' title='bbox 1956 2762 2140 2798; x_wconf 85' lang='lat' dir='ltr'>Christo-</span> 
     </span>
     <span class='ocr_line' id='line_1_42' title="bbox 497 2816 2138 2867; baseline 0 -13"><span class='ocrx_word' id='word_1_317' title='bbox 497 2819 668 2864; x_wconf 87' lang='lat' dir='ltr'>phorus.</span> <span class='ocrx_word' id='word_1_318' title='bbox 702 2819 752 2854; x_wconf 87' lang='lat' dir='ltr'>Et</span> <span class='ocrx_word' id='word_1_319' title='bbox 782 2818 886 2854; x_wconf 85' lang='lat' dir='ltr'>obiit</span> <span class='ocrx_word' id='word_1_320' title='bbox 910 2819 997 2854; x_wconf 86' lang='lat' dir='ltr'>Vffo</span> <span class='ocrx_word' id='word_1_321' title='bbox 1029 2816 1144 2866; x_wconf 77' lang='lat' dir='ltr'>(corr.</span> <span class='ocrx_word' id='word_1_322' title='bbox 1177 2829 1225 2854; x_wconf 76' lang='lat' dir='ltr'>ex</span> <span class='ocrx_word' id='word_1_323' title='bbox 1257 2817 1364 2867; x_wconf 86' lang='lat' dir='ltr'>Offo)</span> <span class='ocrx_word' id='word_1_324' title='bbox 1397 2820 1441 2855; x_wconf 91' lang='lat' dir='ltr'>H.</span> <span class='ocrx_word' id='word_1_325' title='bbox 1508 2821 1568 2855; x_wconf 90' lang='lat'>17.</span> <span class='ocrx_word' id='word_1_326' title='bbox 1601 2820 1868 2866; x_wconf 78' lang='lat' dir='ltr'>Skyaelkskor</span> <span class='ocrx_word' id='word_1_327' title='bbox 1900 2819 1952 2864; x_wconf 75' lang='lat' dir='ltr'>H3</span> <span class='ocrx_word' id='word_1_328' title='bbox 1985 2819 2138 2854; x_wconf 83' lang='lat' dir='ltr'>Skielk-</span> 
     </span>
     <span class='ocr_line' id='line_1_43' title="bbox 496 2876 2137 2923; baseline 0.001 -13"><span class='ocrx_word' id='word_1_329' title='bbox 496 2876 595 2910; x_wconf 73' lang='lat' dir='ltr'>skor</span> <span class='ocrx_word' id='word_1_330' title='bbox 627 2876 665 2911; x_wconf 94' lang='lat' dir='ltr'>S.</span> <span class='ocrx_word' id='word_1_331' title='bbox 730 2876 791 2911; x_wconf 89' lang='lat'>18.</span> <span class='ocrx_word' id='word_1_332' title='bbox 829 2876 1071 2921; x_wconf 84' lang='lat' dir='ltr'>Hcmeltorp</span> <span class='ocrx_word' id='word_1_333' title='bbox 1105 2876 1160 2920; x_wconf 88' lang='lat' dir='ltr'>H;</span> <span class='ocrx_word' id='word_1_334' title='bbox 1205 2876 1246 2911; x_wconf 85' lang='lat' dir='ltr'>in</span> <span class='ocrx_word' id='word_1_335' title='bbox 1279 2887 1427 2922; x_wconf 50' lang='lat' dir='ltr'>mara:</span> <span class='ocrx_word' id='word_1_336' title='bbox 1468 2877 1705 2923; x_wconf 88' lang='lat' dir='ltr'>Ameldorp.</span> <span class='ocrx_word' id='word_1_337' title='bbox 1767 2877 1829 2912; x_wconf 90' lang='lat'>21.</span> <span class='ocrx_word' id='word_1_338' title='bbox 1864 2876 2057 2912; x_wconf 73' lang='lat' dir='ltr'>Ebbeson</span> <span class='ocrx_word' id='word_1_339' title='bbox 2092 2877 2137 2912; x_wconf 92' lang='lat' dir='ltr'>H.</span> 
     </span>
     <span class='ocr_line' id='line_1_44' title="bbox 499 2931 2137 2981; baseline 0 -13"><span class='ocrx_word' id='word_1_340' title='bbox 499 2933 674 2968; x_wconf 87' lang='lat'>21—22.</span> <span class='ocrx_word' id='word_1_341' title='bbox 707 2931 996 2981; x_wconf 80' lang='lat' dir='ltr'>seruierunt(!)</span> <span class='ocrx_word' id='word_1_342' title='bbox 1027 2933 1067 2967; x_wconf 88' lang='lat' dir='ltr'>in</span> <span class='ocrx_word' id='word_1_343' title='bbox 1102 2931 1301 2980; x_wconf 57' lang='lat' dir='ltr'>militibo)</span> <span class='ocrx_word' id='word_1_344' title='bbox 1333 2933 1371 2968; x_wconf 93' lang='lat' dir='ltr'>S.</span> <span class='ocrx_word' id='word_1_345' title='bbox 1433 2933 1497 2972; x_wconf 89' lang='lat'>23.</span> <span class='ocrx_word' id='word_1_346' title='bbox 1532 2934 1616 2969; x_wconf 82' lang='lat' dir='ltr'>Rex</span> <span class='ocrx_word' id='word_1_347' title='bbox 1651 2934 1697 2969; x_wconf 90' lang='lat' dir='ltr'>H.</span> <span class='ocrx_word' id='word_1_348' title='bbox 1726 2934 1771 2970; x_wconf 93' lang='lat' dir='ltr'>N.</span> <span class='ocrx_word' id='word_1_349' title='bbox 1800 2933 1822 2968; x_wconf 85' lang='lat' dir='ltr'>f.</span> <span class='ocrx_word' id='word_1_350' title='bbox 1856 2934 1896 2968; x_wconf 89' lang='lat' dir='ltr'>in</span> <span class='ocrx_word' id='word_1_351' title='bbox 1932 2933 2062 2968; x_wconf 81' lang='lat' dir='ltr'>Dania</span> <span class='ocrx_word' id='word_1_352' title='bbox 2091 2933 2137 2968; x_wconf 92' lang='lat' dir='ltr'>H.</span> 
     </span>
     <span class='ocr_line' id='line_1_45' title="bbox 498 2989 1434 3037; baseline 0.002 -13"><span class='ocrx_word' id='word_1_353' title='bbox 498 2989 561 3025; x_wconf 85' lang='lat'>24.</span> <span class='ocrx_word' id='word_1_354' title='bbox 596 2989 796 3035; x_wconf 78' lang='lat' dir='ltr'>Kytetorp</span> <span class='ocrx_word' id='word_1_355' title='bbox 830 2990 883 3034; x_wconf 79' lang='lat' dir='ltr'>H3</span> <span class='ocrx_word' id='word_1_356' title='bbox 915 2989 1043 3025; x_wconf 75' lang='lat' dir='ltr'>set-bd.</span> <span class='ocrx_word' id='word_1_357' title='bbox 1079 2989 1155 3025; x_wconf 82' lang='lat' dir='ltr'>vid.</span> <span class='ocrx_word' id='word_1_358' title='bbox 1191 2989 1434 3037; x_wconf 79' lang='lat' dir='ltr'>Kysethorp.</span> 
     </span>
    </p>
   </div>
  </div>
 </body>
</html>
