2242 3551
483 227 542 255 DE
574 226 856 255 EXPVLSIONE
889 227 1100 255 FRATRVM
1135 227 1342 255 MlNORVM
1660 218 1740 257 367

84 353 238 381 coram
273 340 492 381 fratribus
527 340 573 380 in
606 344 839 381 conuentu
871 340 918 380 in
943 353 1086 380 vnum
1112 341 1396 392 congregatis
1422 342 1534 382 lecte
1559 341 1743 382 fuerunt

82 414 183 466 ipso
215 413 288 453 die
321 416 477 453 sancte
511 413 711 453 Barbare
744 412 932 463 virginis
965 416 1005 451 et
1039 413 1261 459 ma1·tiris;
1310 426 1363 453 ex
1406 415 1576 467 quibus
1614 415 1743 454 inno-

83 489 269 526 tuerunt
314 485 529 538 predictis
576 484 793 524 fratribus
842 484 973 537 plura
1021 489 1062 525 et
1108 485 1350 525 innumera
1393 486 1505 526 falsa
1546 487 1739 527 crimina

81 558 222 599 fuisse
255 562 434 598 narrata
468 570 625 597 coram
657 557 779 608 regia
814 557 1062 597 maiestate.
1126 557 1307 608 Quibus
1348 559 1507 599 litteris
1540 559 1666 600 lectis
1700 564 1742 600 et

82 630 281 671 induciis
314 643 397 683 pro
430 630 730 682 responsione
763 630 915 669 danda
948 629 1155 682 receptis,
1204 631 1258 670 de
1302 631 1495 672 consilio
1528 632 1736 672 omnium
1767 641 1786 670 5

84 703 275 743 fratrum
316 703 565 743 diffinitum
607 701 756 742 taliter
794 703 1093 754 respondere:
1148 702 1223 742 »In
1266 704 1450 756 primis«
1492 704 1742 757 (inquiunt)

87 779 433 829 »protestamur‚
466 788 551 815 nos
583 775 776 815 omnino
802 774 1016 814 innoxios
1042 775 1344 827 querimoniis
1369 778 1488 829 regie
1516 777 1739 816 maiestati

82 848 342 901 propositis,
380 851 421 888 vt
452 847 597 888 littere
630 847 837 887 eiusdem
869 844 880 901 ll
910 847 1030 899 regie
1063 848 1315 888 maiestatis
1348 853 1528 899 sonant,
1562 862 1646 889 nec
1677 850 1736 890 ob
1762 857 1913 889 f01.31*'·

82 921 165 961 has
198 933 361 961 causas
393 920 685 974 aliquatenus
719 919 832 959 velle
866 919 1110 960 cenobium
1147 924 1355 961 nostrum
1384 922 1604 962 deserere.
1654 923 1738 962 Sed

82 997 266 1045 vrgente
305 992 527 1046 principis
568 992 772 1032 iussione
813 996 854 1032 et
893 993 1278 1045 compellentibus
1326 994 1485 1034 litteris
1533 994 1738 1035 eiusdem
1768 1005 1809 1035 10

82 1066 201 1118 regie
241 1065 506 1116 maiestatis,
552 1065 751 1105 fatemur
797 1078 851 1105 ex
897 1065 1171 1114 obedientia,
1219 1069 1441 1119 tanquam
1482 1068 1661 1107 aduene
1700 1072 1741 1107 et

82 1138 322 1192 peregrini,
370 1137 516 1190 magis
555 1138 668 1178 velle
708 1138 866 1178 cedere
907 1151 1047 1191 quam
1086 1138 1131 1178 in
1173 1139 1456 1179 contrarium
1495 1140 1739 1193 appellare,

82 1212 138 1251 de
169 1210 454 1263 grauaminis
491 1210 771 1251 releuatione
810 1210 1037 1264 desperati
1078 1215 1264 1264 propter
1295 1212 1552 1252 amicorum
1588 1214 1741 1266 pauci-

83 1287 222 1323 tatem
254 1283 490 1335 negotium
516 1282 831 1324 fauorabiliter
854 1285 976 1336 apud
1002 1283 1227 1336 prefatam
1254 1285 1540 1325 maiestatem
1567 1285 1737 1337 regiam

83 1355 336 1396 valentium
369 1368 683 1409 promouere«
735 1356 943 1396 Tandem
976 1356 1077 1409 ipso
1108 1356 1181 1397 die
1200 1356 1308 1396 Diui
1327 1357 1506 1397 Thome
1540 1357 1739 1398 martiris
1768 1366 1808 1396 15

83 1429 138 1469 de
172 1428 390 1469 Canturia
423 1428 641 1481 episcopi,
688 1428 907 1469 omnibus
949 1428 1213 1469 elemosinis
1253 1442 1277 1469 a
1310 1429 1528 1470 fratribus
1560 1430 1739 1482 ablatis,

84 1514 245 1542 omnes
293 1501 485 1555 predicti
532 1501 694 1541 fratres
749 1501 955 1541 eiusdem
1009 1506 1267 1542 conuentus
1316 1502 1596 1543 Horsnensis
1649 1516 1737 1543 vna

83 1575 336 1627 eademque
369 1574 483 1614 hora
512 1587 536 1614 a
561 1587 646 1614 suo
669 1574 950 1614 monasterio
974 1574 1290 1615 inhumaniter
1314 1574 1739 1628 confusibiliterque

82 1646 181 1704 sine
222 1646 351 1686 omni
389 1646 571 1686 iusticia
612 1650 655 1686 et
691 1647 868 1687 ratione
908 1651 1015 1687 sunt
1053 1646 1246 1700 expulsi,
1290 1660 1414 1687 anno
1454 1651 1497 1687 et
1532 1648 1605 1688 die
1647 1661 1738 1701 quo

83 1732 234 1772 supra.
1765 1729 1807 1760 20

170 1791 368 1845 Explicit
400 1791 736 1846 qualiscunque
756 1793 922 1833 Modus
947 1796 989 1832 et
1014 1792 1141 1834 Ordo
1166 1792 1212 1832 in
1241 1805 1380 1833 causa
1404 1793 1738 1845 profligationis

82 1864 276 1904 fratrum
310 1864 632 1905 Minoritarum
665 1865 905 1918 prouincie
939 1865 1124 1905 Danice.

174 1994 205 2029 1.
248 1997 462 2030 conuentu
500 1993 574 2041 W3
621 1997 880 2029 conuentum
922 1994 954 2029 K
993 2005 1138 2030 errore.
1214 1995 1250 2030 2.
1297 1995 1364 2030 die
1410 2006 1439 2031 s.
1480 1995 1732 2031 Barbare:

83 2050 116 2086 4,
136 2049 379 2087 Decembris.
470 2049 652 2096 mHsW3
686 2051 884 2097 martyris
918 2051 1008 2097 Bc,
1041 2051 1133 2087 item
1161 2063 1196 2088 v.
1226 2052 1287 2087 15.
1377 2053 1562 2088 innotuit
1593 2049 1738 2089 rectius

82 2110 190 2146 esset.
272 2109 334 2145 11.
368 2108 607 2144 obedientia
641 2108 731 2154 BC;
774 2106 864 2144 obi}
895 2109 959 2145 W.
1038 2109 1215 2146 11—12.
1248 2109 1412 2146 aduene
1444 2114 1482 2146 et
1515 2111 1738 2157 peregrini,

82 2164 154 2211 cfr.
189 2164 323 2201 Genes.
355 2165 423 2211 23,
443 2166 536 2202 4al.
613 2166 673 2202 15.
706 2166 772 2201 die
805 2166 842 2202 d.
874 2166 1036 2201 Thome
1059 2181 1103 2197 ε
1125 2166 1190 2203 29.
1223 2166 1467 2203 Decembris.
1540 2168 1602 2204 16.
1634 2168 1736 2204 Can-

82 2223 192 2259 turia
223 2223 293 2268 W3
327 2223 551 2259 Cantvaria
582 2222 678 2269 BC;
711 2223 937 2259 Cantuaria
972 2224 1016 2260 K.
