2242 3551
391 610 410 640 5

370 973 410 1004 10

373 1336 412 1366 15

374 2422 417 2453 30

437 185 490 229 44·
778 200 1053 228 SCRIPTORES
1087 200 1313 228 HrsTomAE
1347 199 1522 226 DANICAE
1554 198 1752 226 MINORES

439 314 641 354 minibus
664 313 835 366 absque
861 313 1048 366 pupilla,
1073 313 1421 366 deprehendunt
1446 312 1644 365 pupillas
1669 312 1784 351 duas
1810 313 2082 364 profundius

437 386 482 426 in
517 385 663 438 capite
696 385 938 436 latitantes,
972 385 1157 439 pupillis
1189 386 1289 426 auis
1322 398 1461 438 parue
1494 384 1568 424 vix
1601 383 1848 436 quantitate
1872 387 2083 439 coequas‚

437 471 525 511 que
567 458 702 498 etiam
743 458 1023 498 incessanter
1062 462 1314 498 crescentes
1353 457 1569 497 omnibus
1609 456 1890 496 intuentibus
1930 457 2083 497 ineffa-

438 530 573 571 bilem
608 529 1015 583 incredibilemque
1048 533 1281 583 stuporem
1315 530 1435 570 lenta
1476 528 1545 569 sui
1578 528 1949 581 au9mentatione
1981 542 2083 569 con-

436 602 690 642 tinuabant.
753 602 983 642 Attollitur
1022 602 1157 654 igitur
1198 603 1254 642 ad
1296 602 1444 642 celum
1486 601 1660 641 clamor
1700 601 1877 653 populi:
1926 602 2083 642 laudes

437 675 522 715 deo
564 675 712 715 debite
755 674 1092 727 persoluuntur.
1158 675 1290 714 Mane
1331 678 1484 714 autem
1524 673 1656 713 turba
1703 672 1841 713 totius
1888 673 1991 714 ville
2037 675 2081 713 in

438 761 583 787 unum
631 747 922 799 conglobata,
976 746 1236 798 diligentius
1289 747 1407 787 clara
1464 746 1564 786 luce
1618 745 1845 786 intuentes
1891 746 2082 787 alterum

438 820 624 860 oculum
681 819 881 867 varium,
936 820 1129 860 alterum
1184 832 1372 872 prorsus
1426 818 1605 870 nigrum
1654 818 1920 868 aduertunt,
1978 831 2081 858 cum

438 892 611 932 natales
643 892 806 932 ambos
838 891 989 932 varios
1023 891 1244 932 habuerit.
1307 891 1385 931 Vir
1417 895 1584 941 autem,
1632 904 1724 931 non
1766 890 1952 931 orbatus
1991 891 2082 931 iam

437 964 612 1005 lumine
651 965 728 1005 sed
768 968 969 1014 ornatus,
1017 964 1133 1004 sicut
1172 977 1251 1017 per
1290 963 1493 1003 medium
1536 963 1638 1003 ville
1686 976 1790 1003 cum
1832 962 2085 1014 ignominia

438 1036 523 1077 fuit
555 1041 722 1078 tractus
756 1038 812 1079 ad
847 1051 1028 1091 penam,
1060 1036 1120 1076 ita
1155 1040 1196 1077 et
1227 1036 1385 1076 eadem
1421 1035 1491 1074 via
1525 1047 1629 1074 cum
1662 1034 1803 1087 gloria
1835 1035 2085 1089 populique

438 1110 595 1150 fauore
636 1110 867 1151 reducitur
908 1111 965 1150 ad
1014 1108 1158 1149 sancti
1202 1108 1329 1148 Pauli
1371 1106 1568 1160 apostoli
1607 1107 1860 1156 ecclesiam,
1908 1107 1953 1147 in
1995 1121 2083 1161 qua

439 1181 574 1222 etiam
622 1187 803 1223 noctem
851 1182 1131 1223 dominicam
1181 1181 1309 1221 duxit
1350 1180 1623 1220 insomnem.
1696 1179 1806 1219 Inde
1848 1180 2086 1221 discedens

439 1255 494 1294 ad
529 1254 688 1295 salutis
722 1268 801 1295 sue
833 1258 1065 1295 auctorem
1094 1254 1323 1294 Thomam
1356 1253 1438 1292 iter
1461 1251 1664 1304 arripuit.
1715 1251 1857 1302 Quasi
1890 1256 2087 1305 quatuor

440 1340 661 1379 passuum
696 1327 838 1367 millia
873 1327 1142 1373 confecerat,
1189 1338 1294 1365 cum
1335 1324 1470 1364 etiam
1513 1324 1719 1364 membra
1752 1323 1967 1364 inferiora
2000 1324 2086 1364 sibi

439 1399 643 1439 restituta
677 1399 910 1453 comperit.

528 1472 621 1512 Hec
653 1472 708 1512 de
741 1471 917 1524 prolixa
950 1471 1209 1511 narratione
1242 1471 1296 1510 ad
1332 1469 1515 1509 laudem
1555 1468 1626 1509 dei
1667 1472 1709 1509 et
1740 1469 1868 1510 beate
1900 1469 2087 1522 virginis

441 1543 582 1584 Marie
637 1549 676 1584 et
731 1544 875 1584 sancti
923 1545 1100 1584 Thome
1157 1542 1368 1595 martyris
1423 1527 1706 1595 <composita>
1762 1541 2087 1594 compendiose

440 1620 650 1669 excerpta
694 1620 810 1657 sunt.
876 1617 930 1656 Et
977 1620 1026 1656 ut
1072 1615 1269 1656 breuiter
1317 1614 1471 1654 omnia
1520 1614 1867 1663 concludantur,
1915 1614 2087 1654 meritis

440 1687 579 1729 huius
625 1689 769 1729 sancti
816 1689 908 1729 ceci
956 1689 1133 1739 vident,
1186 1687 1338 1728 claudi
1385 1686 1644 1737 ambulant,
1706 1686 1832 1726 surdi
1879 1686 2085 1737 audiunt,

441 1761 607 1801 mortui
657 1761 791 1801 etiam
840 1761 1030 1801 biduani
1074 1763 1334 1811 resurgunt,
1383 1759 1634 1812 loquuntur
1682 1758 1816 1810 muti,
1864 1772 2087 1812 pauperes

441 1833 824 1885 euangelizantur,
854 1832 1092 1886 paralytici
1121 1832 1462 1881 conualescunt,
1489 1831 1808 1871 detumescunt
1833 1830 2087 1884 hydropici,

441 1905 594 1946 sensui
627 1906 908 1946 redonantur
939 1909 1158 1955 amentes,
1191 1908 1232 1944 et
1256 1903 1413 1944 omnia
1439 1916 1553 1956 pene
1578 1903 1799 1944 miracula
1825 1903 2086 1955 euangelica

441 1978 752 2031 multipliciter
785 1977 882 2017 eius
914 1977 1087 2017 meritis
1120 1977 1345 2030 completa
1383 1980 1499 2015 sunt.
1564 1976 1613 2015 In
1657 1976 1891 2016 curatione
1934 1979 2085 2016 autem

442 2050 728 2103 leprosorum
772 2049 844 2090 cui
888 2063 1127 2090 seruorum
1163 2049 1233 2089 dei
1266 2052 1510 2101 martyrem
1548 2048 1922 2089 Cantuariensem
1959 2049 2088 2101 plene

442 2122 695 2162 assimilare
723 2122 1003 2175 poterimus?
1049 2122 1093 2162 Si
1127 2122 1373 2162 modernos
1406 2120 1591 2171 obicias,
1626 2120 1739 2160 nihil
1765 2121 1852 2161 tale
1878 2120 2085 2173 reperies.

443 2195 487 2235 Si
519 2195 576 2234 ad
610 2194 824 2247 antiquos
857 2194 1115 2240 recurritur,
1162 2193 1243 2234 etsi
1284 2206 1376 2233 non
1417 2192 1684 2243 similitudo,
1732 2192 1893 2232 similis
1933 2196 2085 2232 tamen

443 2268 573 2320 copia
616 2268 875 2318 denegatur.
940 2268 1133 2319 Lepram
1176 2265 1352 2306 curauit
1387 2266 1581 2317 Moyses,
1630 2266 1706 2305 sed
1752 2264 1891 2305 Marie
1932 2264 2086 2315 solius,

445 2339 631 2380 Numeri
665 2352 753 2390 xn.,
787 2339 865 2379 ubi
898 2338 959 2379 ait
990 2338 1041 2389 (υ.
1080 2340 1163 2389 13):
1201 2339 1352 2388 ‘Deus,
1385 2338 1589 2389 obsecro,
1623 2350 1732 2377 sana
1767 2340 1892 2377 eam'.
1958 2337 2087 2377 Multi

444 2412 627 2452 fuerunt
658 2411 824 2464 leprosi
857 2411 903 2451 in
936 2411 1098 2451 diebus
1133 2410 1315 2461 Helisei,
1358 2410 1435 2450 sed
1478 2423 1612 2449 nemo
1646 2422 1805 2449 eorum
1840 2410 2087 2449 mundatus

443 2488 507 2542 est
554 2484 641 2524 nisi
690 2484 899 2524 Naaman
948 2484 1109 2536 Syrus,
1157 2495 1234 2522 1111.
1284 2483 1386 2533 Reg.
1436 2495 1473 2522 ν.
1560 2482 1652 2522 Nec
1697 2485 1901 2534 tempore
1948 2481 2087 2533 gratie

444 2569 721 2609 quemquam
770 2556 841 2595 dei
889 2568 1073 2596 seruum
1123 2554 1252 2595 facile
1299 2554 1572 2607 reperimus,
1628 2554 1758 2594 cuius
1806 2553 1977 2594 meritis
2024 2557 2087 2593 tot

531 2712 565 2747 2.
613 2711 842 2756 quantitate
888 2710 1052 2751 Bened.;
1098 2709 1319 2756 quantitati
1369 2709 1417 2744 M.
1496 2711 1528 2745 4.
1571 2709 1908 2754 augmentatione
1954 2708 2087 2744 Arnas

443 2767 502 2815 (ul
526 2766 703 2812 Bened),
736 2768 1096 2813 argumentatione
1129 2767 1174 2802 C.
1240 2768 1274 2802 8.
1309 2766 1469 2801 varium
1505 2767 1542 2801 Μ
1578 2769 1620 2801 ut
1642 2766 1806 2809 BenevL,
1836 2765 1904 2800 secl
1935 2776 2084 2800 rauum

444 2824 586 2860 scribd.
614 2825 716 2869 vid.,·
749 2825 838 2860 item
869 2825 994 2870 paulo
1023 2825 1115 2869 post
1145 2834 1270 2859 rauos
1299 2834 1375 2868 pro
1408 2823 1557 2859 varios.
1622 2824 1656 2858 9.
1690 2834 1772 2858 non
1806 2822 1885 2857 iam
1912 2822 2086 2857 orbatus

445 2882 591 2917 Bened.
685 2882 743 2917 18.
791 2881 1023 2928 composita
1071 2880 1219 2916 addidi.
1282 2881 1344 2915 21.
1393 2880 1583 2915 biduani:
1630 2879 1803 2915 breuiter
1847 2879 1991 2914 alludit
2035 2878 2088 2913 ad

446 2938 711 2981 miraculum,
759 2939 866 2985 quod
913 2938 1057 2974 Bened.
1104 2936 1166 2972 lib.
1208 2937 1269 2972 [V.
1313 2947 1397 2981 cap.
1442 2936 1490 2972 64
1536 2937 1740 2981 narraui&
1796 2938 1968 2972 ceterum
2015 2935 2086 2980 cfr.

447 2995 585 3031 Matth.
613 2995 731 3039 11‚5,·
767 2995 859 3031 Luc.
887 2994 1000 3039 222.
1063 2995 1125 3030 25.
1160 2994 1280 3040 plene
1299 2993 1464 3037 Remeat,
1497 3004 1602 3039 pene
1637 2994 1687 3029 M.
1751 2993 1814 3028 26.
1847 2992 2022 3038 objicias
2048 2992 2085 3027 Μ

445 3052 504 3100 <ut
534 3050 714 3099 Bened.);
745 3053 813 3087 sed
845 3052 971 3087 obeas
1002 3050 1040 3098 (i.
1075 3063 1103 3087 e.
1138 3049 1382 3097 perlustres)
1412 3049 1553 3086 scribd.
1588 3050 1664 3086 vid.
