<?xml version="1.0" encoding="UTF-8"?>
<!DOCTYPE html PUBLIC "-//W3C//DTD XHTML 1.0 Transitional//EN"
    "http://www.w3.org/TR/xhtml1/DTD/xhtml1-transitional.dtd">
<html xmlns="http://www.w3.org/1999/xhtml" xml:lang="en" lang="en">
 <head>
  <title>
</title>
<meta http-equiv="Content-Type" content="text/html;charset=utf-8" />
  <meta name='ocr-system' content='tesseract 3.04.00' />
  <meta name='ocr-capabilities' content='ocr_page ocr_carea ocr_par ocr_line ocrx_word'/>
</head>
<body>
  <div class='ocr_page' id='page_1' title='image "./scriptoresminore212gert/scriptoresminore212gert_0308.png"; bbox 0 0 2242 3551; ppageno 0'>
   <div class='ocr_carea' id='block_1_1' title="bbox 525 203 1847 242">
    <p class='ocr_par' dir='ltr' id='par_1_1' title="bbox 525 203 1847 242">
     <span class='ocr_line' id='line_1_1' title="bbox 525 203 1847 242; baseline 0 0"><span class='ocrx_word' id='word_1_1' title='bbox 525 203 607 242; x_wconf 79' lang='lat'>298</span> <span class='ocrx_word' id='word_1_2' title='bbox 869 213 1145 241; x_wconf 78' lang='lat' dir='ltr'>SCRIPTORES</span> <span class='ocrx_word' id='word_1_3' title='bbox 1179 213 1406 241; x_wconf 82' lang='lat' dir='ltr'><strong>HISTORIAE</strong></span> <span class='ocrx_word' id='word_1_4' title='bbox 1439 213 1617 242; x_wconf 84' lang='lat' dir='ltr'><strong>DANICAE</strong></span> <span class='ocrx_word' id='word_1_5' title='bbox 1648 213 1847 242; x_wconf 82' lang='lat' dir='ltr'>MINORES</span> 
     </span>
    </p>
   </div>
   <div class='ocr_carea' id='block_1_2' title="bbox 453 326 2180 1970">
    <p class='ocr_par' dir='ltr' id='par_1_2' title="bbox 524 326 2179 513">
     <span class='ocr_line' id='line_1_2' title="bbox 525 326 2176 380; baseline 0.002 -13"><span class='ocrx_word' id='word_1_6' title='bbox 525 327 744 368; x_wconf 74' lang='lat' dir='ltr'>orientem</span> <span class='ocrx_word' id='word_1_7' title='bbox 781 326 1082 380; x_wconf 72' lang='lat' dir='ltr'>protenditur,</span> <span class='ocrx_word' id='word_1_8' title='bbox 1126 340 1208 380; x_wconf 93' lang='lat' dir='ltr'>pro</span> <span class='ocrx_word' id='word_1_9' title='bbox 1241 327 1544 368; x_wconf 87' lang='lat' dir='ltr'>fundamento</span> <span class='ocrx_word' id='word_1_10' title='bbox 1577 332 1847 369; x_wconf 87' lang='lat' dir='ltr'>conuentus.</span> <span class='ocrx_word' id='word_1_11' title='bbox 1911 329 2001 379; x_wconf 85' lang='lat' dir='ltr'>Qui</span> <span class='ocrx_word' id='word_1_12' title='bbox 2034 330 2176 371; x_wconf 87' lang='lat' dir='ltr'>eciam</span> 
     </span>
     <span class='ocr_line' id='line_1_3' title="bbox 527 399 2179 452; baseline 0.002 -12"><span class='ocrx_word' id='word_1_13' title='bbox 527 400 759 452; x_wconf 78' lang='lat' dir='ltr'>Nicolaus,</span> <span class='ocrx_word' id='word_1_14' title='bbox 790 399 959 440; x_wconf 88' lang='lat' dir='ltr'>relictis</span> <span class='ocrx_word' id='word_1_15' title='bbox 993 399 1211 440; x_wconf 84' lang='lat' dir='ltr'>omnibus</span> <span class='ocrx_word' id='word_1_16' title='bbox 1244 413 1402 441; x_wconf 85' lang='lat' dir='ltr'>amore</span> <span class='ocrx_word' id='word_1_17' title='bbox 1434 400 1520 452; x_wconf 81' lang='lat' dir='ltr'>dei,</span> <span class='ocrx_word' id='word_1_18' title='bbox 1554 400 1741 441; x_wconf 85' lang='lat' dir='ltr'>effectus</span> <span class='ocrx_word' id='word_1_19' title='bbox 1775 405 1840 442; x_wconf 89' lang='lat' dir='ltr'>est</span> <span class='ocrx_word' id='word_1_20' title='bbox 1867 401 2003 442; x_wconf 84' lang='lat' dir='ltr'>frater</span> <span class='ocrx_word' id='word_1_21' title='bbox 2028 402 2179 444; x_wconf 89' lang='lat' dir='ltr'>minor</span> 
     </span>
     <span class='ocr_line' id='line_1_4' title="bbox 524 473 709 513; baseline 0 0"><span class='ocrx_word' id='word_1_22' title='bbox 524 473 709 513; x_wconf 83' lang='lat' dir='ltr'>ibidem.</span> 
     </span>
    </p>

    <p class='ocr_par' dir='ltr' id='par_1_3' title="bbox 611 545 2178 598">
     <span class='ocr_line' id='line_1_5' title="bbox 611 545 2178 598; baseline 0.003 -13"><span class='ocrx_word' id='word_1_23' title='bbox 611 545 926 587; x_wconf 74' lang='lat' dir='ltr'>MCCLXIH.</span> <span class='ocrx_word' id='word_1_24' title='bbox 966 545 1187 586; x_wconf 82' lang='lat' dir='ltr'>fundatus</span> <span class='ocrx_word' id='word_1_25' title='bbox 1235 549 1300 586; x_wconf 88' lang='lat' dir='ltr'>est</span> <span class='ocrx_word' id='word_1_26' title='bbox 1346 546 1476 586; x_wconf 94' lang='lat' dir='ltr'>locus</span> <span class='ocrx_word' id='word_1_27' title='bbox 1519 545 1883 598; x_wconf 83' lang='lat' dir='ltr'>Flensburgis</span> <span class='ocrx_word' id='word_1_28' title='bbox 1923 560 1947 586; x_wconf 83' lang='lat' dir='ltr'>a</span> <span class='ocrx_word' id='word_1_29' title='bbox 1988 548 2178 589; x_wconf 91' lang='lat' dir='ltr'>domino</span> 
     </span>
    </p>

    <p class='ocr_par' dir='ltr' id='par_1_4' title="bbox 477 617 2179 745">
     <span class='ocr_line' id='line_1_6' title="bbox 477 617 2179 671; baseline 0.001 -12"><span class='ocrx_word' id='word_1_30' title='bbox 477 629 496 659; x_wconf 84' lang='lat'>5</span> <span class='ocrx_word' id='word_1_31' title='bbox 523 619 737 659; x_wconf 82' lang='lat' dir='ltr'>Johanne</span> <span class='ocrx_word' id='word_1_32' title='bbox 778 620 832 658; x_wconf 89' lang='lat' dir='ltr'>de</span> <span class='ocrx_word' id='word_1_33' title='bbox 873 617 1140 670; x_wconf 80' lang='lat' dir='ltr'>Hwittingh,</span> <span class='ocrx_word' id='word_1_34' title='bbox 1188 619 1426 671; x_wconf 87' lang='lat' dir='ltr'>quondam</span> <span class='ocrx_word' id='word_1_35' title='bbox 1471 618 1678 671; x_wconf 87' lang='lat' dir='ltr'>dapifero</span> <span class='ocrx_word' id='word_1_36' title='bbox 1719 618 1850 659; x_wconf 90' lang='lat' dir='ltr'>ducis</span> <span class='ocrx_word' id='word_1_37' title='bbox 1891 619 2026 660; x_wconf 87' lang='lat' dir='ltr'>Jutie.</span> <span class='ocrx_word' id='word_1_38' title='bbox 2090 620 2179 670; x_wconf 85' lang='lat' dir='ltr'>Qui</span> 
     </span>
     <span class='ocr_line' id='line_1_7' title="bbox 523 691 1263 745; baseline -0.001 -13"><span class='ocrx_word' id='word_1_39' title='bbox 523 696 565 732; x_wconf 83' lang='lat' dir='ltr'>et</span> <span class='ocrx_word' id='word_1_40' title='bbox 597 692 803 745; x_wconf 81' lang='lat' dir='ltr'>sepultus</span> <span class='ocrx_word' id='word_1_41' title='bbox 836 695 902 732; x_wconf 86' lang='lat' dir='ltr'>est</span> <span class='ocrx_word' id='word_1_42' title='bbox 932 691 1106 731; x_wconf 84' lang='lat' dir='ltr'>ibidem</span> <span class='ocrx_word' id='word_1_43' title='bbox 1142 692 1263 731; x_wconf 86' lang='lat'>1270.</span> 
     </span>
    </p>

    <p class='ocr_par' dir='ltr' id='par_1_5' title="bbox 523 764 2180 963">
     <span class='ocr_line' id='line_1_8' title="bbox 610 764 2179 817; baseline 0.001 -12"><span class='ocrx_word' id='word_1_44' title='bbox 610 764 944 805; x_wconf 77' lang='lat' dir='ltr'><strong>MCCLXVII.</strong></span> <span class='ocrx_word' id='word_1_45' title='bbox 988 767 1197 817; x_wconf 87' lang='lat' dir='ltr'>receptus</span> <span class='ocrx_word' id='word_1_46' title='bbox 1238 767 1304 804; x_wconf 86' lang='lat' dir='ltr'>est</span> <span class='ocrx_word' id='word_1_47' title='bbox 1344 764 1474 804; x_wconf 89' lang='lat' dir='ltr'>locus</span> <span class='ocrx_word' id='word_1_48' title='bbox 1507 764 1901 817; x_wconf 80' lang='lat' dir='ltr'>Threlburgis,</span> <span class='ocrx_word' id='word_1_49' title='bbox 1948 765 2020 805; x_wconf 89' lang='lat' dir='ltr'>die</span> <span class='ocrx_word' id='word_1_50' title='bbox 2060 766 2179 807; x_wconf 85' lang='lat' dir='ltr'>beati</span> 
     </span>
     <span class='ocr_line' id='line_1_9' title="bbox 525 836 2180 889; baseline 0.001 -11"><span class='ocrx_word' id='word_1_51' title='bbox 525 837 795 878; x_wconf 85' lang='lat' dir='ltr'>Hieronimi.</span> <span class='ocrx_word' id='word_1_52' title='bbox 860 836 1089 877; x_wconf 85' lang='lat' dir='ltr'>Dominus</span> <span class='ocrx_word' id='word_1_53' title='bbox 1123 836 1282 888; x_wconf 50' lang='lat' dir='ltr'>CathoJ</span> <span class='ocrx_word' id='word_1_54' title='bbox 1316 836 1570 877; x_wconf 85' lang='lat' dir='ltr'>canonicus</span> <span class='ocrx_word' id='word_1_55' title='bbox 1604 837 1879 889; x_wconf 78' lang='lat' dir='ltr'>Lundensis,</span> <span class='ocrx_word' id='word_1_56' title='bbox 1926 838 2050 879; x_wconf 88' lang='lat' dir='ltr'>dedit</span> <span class='ocrx_word' id='word_1_57' title='bbox 2082 839 2180 879; x_wconf 88' lang='lat' dir='ltr'>fun-</span> 
     </span>
     <span class='ocr_line' id='line_1_10' title="bbox 523 895 2179 963; baseline 0 -13"><span class='ocrx_word' id='word_1_58' title='bbox 523 912 632 951; x_wconf 86' lang='lat' dir='ltr'>dum</span> <span class='ocrx_word' id='word_1_59' title='bbox 682 923 763 963; x_wconf 88' lang='lat' dir='ltr'>pro</span> <span class='ocrx_word' id='word_1_60' title='bbox 813 908 1016 963; x_wconf 84' lang='lat' dir='ltr'>predicto</span> <span class='ocrx_word' id='word_1_61' title='bbox 1064 909 1179 949; x_wconf 89' lang='lat' dir='ltr'>loco.</span> <span class='ocrx_word' id='word_1_62' title='bbox 1242 908 1363 949; x_wconf 86' lang='lat' dir='ltr'>Alibi</span> <span class='ocrx_word' id='word_1_63' title='bbox 1402 908 1612 960; x_wconf 78' lang='lat' dir='ltr'>habetur,</span> <span class='ocrx_word' id='word_1_64' title='bbox 1659 895 1822 962; x_wconf 83' lang='lat' dir='ltr'>&lt;quod&gt;</span> <span class='ocrx_word' id='word_1_65' title='bbox 1873 911 1978 950; x_wconf 80' lang='lat'>1247</span> <span class='ocrx_word' id='word_1_66' title='bbox 2021 910 2179 951; x_wconf 84' lang='lat' dir='ltr'>fratres</span> 
     </span>
    </p>

    <p class='ocr_par' dir='ltr' id='par_1_6' title="bbox 455 981 2178 1035">
     <span class='ocr_line' id='line_1_11' title="bbox 455 981 2178 1035; baseline 0.001 -14"><span class='ocrx_word' id='word_1_67' title='bbox 455 992 495 1021; x_wconf 87' lang='lat'>10</span> <span class='ocrx_word' id='word_1_68' title='bbox 523 983 786 1023; x_wconf 85' lang='lat' dir='ltr'>habuerunt</span> <span class='ocrx_word' id='word_1_69' title='bbox 819 983 972 1022; x_wconf 86' lang='lat' dir='ltr'>locum</span> <span class='ocrx_word' id='word_1_70' title='bbox 1006 981 1201 1032; x_wconf 75' lang='lat' dir='ltr'>ibidem3</span> <span class='ocrx_word' id='word_1_71' title='bbox 1250 982 1328 1021; x_wconf 88' lang='lat' dir='ltr'>sed</span> <span class='ocrx_word' id='word_1_72' title='bbox 1370 981 1682 1035; x_wconf 76' lang='lat' dir='ltr'>antiquissimi</span> <span class='ocrx_word' id='word_1_73' title='bbox 1715 981 1819 1022; x_wconf 86' lang='lat' dir='ltr'>libri</span> <span class='ocrx_word' id='word_1_74' title='bbox 1852 982 2024 1023; x_wconf 88' lang='lat' dir='ltr'>habent</span> <span class='ocrx_word' id='word_1_75' title='bbox 2059 984 2178 1024; x_wconf 85' lang='lat'>1267.</span> 
     </span>
    </p>

    <p class='ocr_par' dir='ltr' id='par_1_7' title="bbox 521 1054 2180 1326">
     <span class='ocr_line' id='line_1_12' title="bbox 611 1054 2180 1108; baseline 0.001 -13"><span class='ocrx_word' id='word_1_76' title='bbox 611 1055 944 1097; x_wconf 70' lang='lat' dir='ltr'><strong>MCCLXVII.</strong></span> <span class='ocrx_word' id='word_1_77' title='bbox 1002 1054 1192 1095; x_wconf 82' lang='lat' dir='ltr'>fundata</span> <span class='ocrx_word' id='word_1_78' title='bbox 1246 1059 1312 1095; x_wconf 88' lang='lat' dir='ltr'>est</span> <span class='ocrx_word' id='word_1_79' title='bbox 1366 1054 1533 1095; x_wconf 87' lang='lat' dir='ltr'>domus</span> <span class='ocrx_word' id='word_1_80' title='bbox 1582 1054 1775 1094; x_wconf 78' lang='lat' dir='ltr'>fratrum</span> <span class='ocrx_word' id='word_1_81' title='bbox 1822 1055 2055 1096; x_wconf 86' lang='lat' dir='ltr'>Ystadie</span> <span class='ocrx_word' id='word_1_82' title='bbox 2102 1068 2180 1108; x_wconf 89' lang='lat' dir='ltr'>per</span> 
     </span>
     <span class='ocr_line' id='line_1_13' title="bbox 523 1127 2179 1180; baseline 0 -12"><span class='ocrx_word' id='word_1_83' title='bbox 523 1128 766 1169; x_wconf 89' lang='lat' dir='ltr'>dominum</span> <span class='ocrx_word' id='word_1_84' title='bbox 803 1128 1103 1180; x_wconf 83' lang='lat' dir='ltr'>Holmgerum</span> <span class='ocrx_word' id='word_1_85' title='bbox 1148 1127 1339 1168; x_wconf 87' lang='lat' dir='ltr'>militem</span> <span class='ocrx_word' id='word_1_86' title='bbox 1385 1131 1426 1168; x_wconf 88' lang='lat' dir='ltr'>et</span> <span class='ocrx_word' id='word_1_87' title='bbox 1457 1127 1699 1180; x_wconf 84' lang='lat' dir='ltr'>coniugem</span> <span class='ocrx_word' id='word_1_88' title='bbox 1734 1127 1831 1167; x_wconf 84' lang='lat' dir='ltr'>eius</span> <span class='ocrx_word' id='word_1_89' title='bbox 1868 1128 2179 1180; x_wconf 73' lang='lat' dir='ltr'>Kaffierinam,</span> 
     </span>
     <span class='ocr_line' id='line_1_14' title="bbox 521 1200 2178 1254; baseline 0.001 -14"><span class='ocrx_word' id='word_1_90' title='bbox 521 1205 727 1254; x_wconf 85' lang='lat' dir='ltr'>tempore</span> <span class='ocrx_word' id='word_1_91' title='bbox 746 1200 992 1241; x_wconf 76' lang='lat' dir='ltr'>Alexandri</span> <span class='ocrx_word' id='word_1_92' title='bbox 1019 1201 1055 1240; x_wconf 77' lang='lat'>4.</span> <span class='ocrx_word' id='word_1_93' title='bbox 1083 1204 1124 1241; x_wconf 91' lang='lat' dir='ltr'>et</span> <span class='ocrx_word' id='word_1_94' title='bbox 1147 1200 1313 1240; x_wconf 84' lang='lat' dir='ltr'>Ysarni</span> <span class='ocrx_word' id='word_1_95' title='bbox 1338 1200 1686 1253; x_wconf 84' lang='lat' dir='ltr'>archiepiscopi.</span> <span class='ocrx_word' id='word_1_96' title='bbox 1737 1200 1964 1241; x_wconf 85' lang='lat' dir='ltr'>Dominus</span> <span class='ocrx_word' id='word_1_97' title='bbox 1988 1201 2178 1253; x_wconf 79' lang='lat' dir='ltr'>Olauus,</span> 
     </span>
     <span class='ocr_line' id='line_1_15' title="bbox 524 1273 2179 1326; baseline -0.001 -12"><span class='ocrx_word' id='word_1_98' title='bbox 524 1273 809 1314; x_wconf 82' lang='lat' dir='ltr'>Reualiensis</span> <span class='ocrx_word' id='word_1_99' title='bbox 843 1273 1102 1326; x_wconf 85' lang='lat' dir='ltr'>episcopus,</span> <span class='ocrx_word' id='word_1_100' title='bbox 1151 1273 1440 1314; x_wconf 83' lang='lat' dir='ltr'>consecrauit</span> <span class='ocrx_word' id='word_1_101' title='bbox 1472 1273 1712 1313; x_wconf 87' lang='lat' dir='ltr'>ecclesiam</span> <span class='ocrx_word' id='word_1_102' title='bbox 1746 1273 1792 1313; x_wconf 91' lang='lat' dir='ltr'>in</span> <span class='ocrx_word' id='word_1_103' title='bbox 1826 1273 2002 1314; x_wconf 86' lang='lat' dir='ltr'>honore</span> <span class='ocrx_word' id='word_1_104' title='bbox 2036 1274 2179 1314; x_wconf 83' lang='lat' dir='ltr'>sancti</span> 
     </span>
    </p>

    <p class='ocr_par' dir='ltr' id='par_1_8' title="bbox 457 1345 1532 1399">
     <span class='ocr_line' id='line_1_16' title="bbox 457 1345 1532 1399; baseline 0.001 -14"><span class='ocrx_word' id='word_1_105' title='bbox 457 1356 497 1386; x_wconf 84' lang='lat'>15</span> <span class='ocrx_word' id='word_1_106' title='bbox 527 1347 705 1387; x_wconf 88' lang='lat' dir='ltr'>Nicolai</span> <span class='ocrx_word' id='word_1_107' title='bbox 739 1346 943 1399; x_wconf 82' lang='lat' dir='ltr'>episcopi</span> <span class='ocrx_word' id='word_1_108' title='bbox 976 1350 1016 1386; x_wconf 88' lang='lat' dir='ltr'>et</span> <span class='ocrx_word' id='word_1_109' title='bbox 1050 1345 1298 1387; x_wconf 85' lang='lat' dir='ltr'>Katherine</span> <span class='ocrx_word' id='word_1_110' title='bbox 1331 1346 1532 1398; x_wconf 80' lang='lat' dir='ltr'>virginis.</span> 
     </span>
    </p>

    <p class='ocr_par' dir='ltr' id='par_1_9' title="bbox 495 1418 2179 1689">
     <span class='ocr_line' id='line_1_17' title="bbox 610 1418 2178 1471; baseline 0 -12"><span class='ocrx_word' id='word_1_111' title='bbox 610 1421 812 1460; x_wconf 88' lang='lat' dir='ltr'>Domum</span> <span class='ocrx_word' id='word_1_112' title='bbox 855 1419 1049 1459; x_wconf 77' lang='lat' dir='ltr'>fratrum</span> <span class='ocrx_word' id='word_1_113' title='bbox 1092 1418 1350 1471; x_wconf 82' lang='lat' dir='ltr'>Vibergis</span> <span class='ocrx_word' id='word_1_114' title='bbox 1398 1418 1602 1459; x_wconf 80' lang='lat' dir='ltr'>construi</span> <span class='ocrx_word' id='word_1_115' title='bbox 1650 1418 1754 1459; x_wconf 86' lang='lat' dir='ltr'>fecit</span> <span class='ocrx_word' id='word_1_116' title='bbox 1800 1432 1825 1458; x_wconf 84' lang='lat' dir='ltr'>a</span> <span class='ocrx_word' id='word_1_117' title='bbox 1868 1419 2178 1459; x_wconf 81' lang='lat' dir='ltr'>fundamentis</span> 
     </span>
     <span class='ocr_line' id='line_1_18' title="bbox 522 1488 2179 1546; baseline 0 -14"><span class='ocrx_word' id='word_1_118' title='bbox 522 1490 623 1546; x_wconf 83' lang='lat' dir='ltr'>(sub</span> <span class='ocrx_word' id='word_1_119' title='bbox 658 1492 928 1532; x_wconf 84' lang='lat' dir='ltr'>Innocentio</span> <span class='ocrx_word' id='word_1_120' title='bbox 962 1493 1014 1542; x_wconf 83' lang='lat'>4.‚</span> <span class='ocrx_word' id='word_1_121' title='bbox 1064 1496 1108 1532; x_wconf 82' lang='lat' dir='ltr'>vt</span> <span class='ocrx_word' id='word_1_122' title='bbox 1146 1488 1328 1544; x_wconf 85' lang='lat' dir='ltr'>dicitur)</span> <span class='ocrx_word' id='word_1_123' title='bbox 1366 1491 1555 1532; x_wconf 87' lang='lat' dir='ltr'>domina</span> <span class='ocrx_word' id='word_1_124' title='bbox 1597 1491 1802 1532; x_wconf 83' lang='lat' dir='ltr'>Mariana</span> <span class='ocrx_word' id='word_1_125' title='bbox 1844 1492 2093 1543; x_wconf 83' lang='lat' dir='ltr'>comitissa,</span> <span class='ocrx_word' id='word_1_126' title='bbox 2139 1496 2179 1533; x_wconf 90' lang='lat' dir='ltr'>et</span> 
     </span>
     <span class='ocr_line' id='line_1_19' title="bbox 495 1565 2179 1623; baseline -0.001 -18"><span class='ocrx_word' id='word_1_127' title='bbox 495 1565 600 1623; x_wconf 13' lang='lat' dir='ltr'>*filij</span> <span class='ocrx_word' id='word_1_128' title='bbox 637 1565 749 1614; x_wconf 87' lang='lat' dir='ltr'>eius,</span> <span class='ocrx_word' id='word_1_129' title='bbox 782 1565 1000 1605; x_wconf 86' lang='lat' dir='ltr'>dominus</span> <span class='ocrx_word' id='word_1_130' title='bbox 1033 1565 1260 1614; x_wconf 83' lang='lat' dir='ltr'>Albertus,</span> <span class='ocrx_word' id='word_1_131' title='bbox 1304 1577 1460 1605; x_wconf 89' lang='lat' dir='ltr'>comes</span> <span class='ocrx_word' id='word_1_132' title='bbox 1493 1565 1547 1604; x_wconf 88' lang='lat' dir='ltr'>de</span> <span class='ocrx_word' id='word_1_133' title='bbox 1582 1565 1846 1616; x_wconf 82' lang='lat' dir='ltr'>Euersteen,</span> <span class='ocrx_word' id='word_1_134' title='bbox 1890 1568 1931 1605; x_wconf 87' lang='lat' dir='ltr'>et</span> <span class='ocrx_word' id='word_1_135' title='bbox 1962 1565 2179 1605; x_wconf 87' lang='lat' dir='ltr'>dominus</span> 
     </span>
     <span class='ocr_line' id='line_1_20' title="bbox 501 1628 2179 1689; baseline -0.001 -11"><span class='ocrx_word' id='word_1_136' title='bbox 501 1628 791 1678; x_wconf 17' lang='lat' dir='ltr'>*Ludouicus</span> <span class='ocrx_word' id='word_1_137' title='bbox 826 1638 1074 1678; x_wconf 84' lang='lat' dir='ltr'>Euersteen</span> <span class='ocrx_word' id='word_1_138' title='bbox 1109 1637 1410 1677; x_wconf 85' lang='lat' dir='ltr'>marskalcus.</span> <span class='ocrx_word' id='word_1_139' title='bbox 1454 1637 1509 1676; x_wconf 75' lang='lat' dir='ltr'>Et</span> <span class='ocrx_word' id='word_1_140' title='bbox 1541 1637 1601 1689; x_wconf 81' lang='lat' dir='ltr'>hij</span> <span class='ocrx_word' id='word_1_141' title='bbox 1637 1641 1725 1677; x_wconf 89' lang='lat' dir='ltr'>tres</span> <span class='ocrx_word' id='word_1_142' title='bbox 1758 1637 1932 1677; x_wconf 90' lang='lat' dir='ltr'>ibidem</span> <span class='ocrx_word' id='word_1_143' title='bbox 1966 1637 2179 1677; x_wconf 88' lang='lat' dir='ltr'>tumulati</span> 
     </span>
    </p>

    <p class='ocr_par' dir='ltr' id='par_1_10' title="bbox 453 1708 2178 1908">
     <span class='ocr_line' id='line_1_21' title="bbox 453 1708 2178 1763; baseline 0.001 -14"><span class='ocrx_word' id='word_1_144' title='bbox 453 1720 496 1749; x_wconf 77' lang='lat'>20</span> <span class='ocrx_word' id='word_1_145' title='bbox 524 1715 628 1750; x_wconf 88' lang='lat' dir='ltr'>sunt</span> <span class='ocrx_word' id='word_1_146' title='bbox 667 1711 713 1750; x_wconf 87' lang='lat' dir='ltr'>in</span> <span class='ocrx_word' id='word_1_147' title='bbox 758 1723 847 1751; x_wconf 73' lang='lat' dir='ltr'>vno</span> <span class='ocrx_word' id='word_1_148' title='bbox 888 1711 1098 1762; x_wconf 88' lang='lat' dir='ltr'>sepulcro</span> <span class='ocrx_word' id='word_1_149' title='bbox 1143 1710 1228 1750; x_wconf 82' lang='lat' dir='ltr'>sub</span> <span class='ocrx_word' id='word_1_150' title='bbox 1272 1710 1423 1763; x_wconf 85' lang='lat' dir='ltr'>lapide</span> <span class='ocrx_word' id='word_1_151' title='bbox 1456 1722 1731 1750; x_wconf 84' lang='lat' dir='ltr'>marmoreo.</span> <span class='ocrx_word' id='word_1_152' title='bbox 1793 1708 1887 1763; x_wconf 89' lang='lat' dir='ltr'>(Isti</span> <span class='ocrx_word' id='word_1_153' title='bbox 1928 1714 2055 1750; x_wconf 87' lang='lat' dir='ltr'>erant</span> <span class='ocrx_word' id='word_1_154' title='bbox 2094 1710 2178 1750; x_wconf 86' lang='lat' dir='ltr'>sub</span> 
     </span>
     <span class='ocr_line' id='line_1_22' title="bbox 527 1782 2177 1836; baseline -0.001 -13"><span class='ocrx_word' id='word_1_155' title='bbox 527 1783 658 1823; x_wconf 75' lang='lat' dir='ltr'>Erico</span> <span class='ocrx_word' id='word_1_156' title='bbox 714 1794 816 1835; x_wconf 80' lang='lat' dir='ltr'>rege</span> <span class='ocrx_word' id='word_1_157' title='bbox 880 1783 1116 1836; x_wconf 77' lang='lat' dir='ltr'>Klepping.</span> <span class='ocrx_word' id='word_1_158' title='bbox 1195 1795 1380 1823; x_wconf 71' lang='lat' dir='ltr'>mccxcv.</span> <span class='ocrx_word' id='word_1_159' title='bbox 1436 1782 1519 1822; x_wconf 88' lang='lat' dir='ltr'>fuit</span> <span class='ocrx_word' id='word_1_160' title='bbox 1582 1783 1861 1823; x_wconf 85' lang='lat' dir='ltr'>celebratum</span> <span class='ocrx_word' id='word_1_161' title='bbox 1926 1782 2177 1835; x_wconf 85' lang='lat' dir='ltr'>capitulum</span> 
     </span>
     <span class='ocr_line' id='line_1_23' title="bbox 524 1854 761 1908; baseline -0.004 -12"><span class='ocrx_word' id='word_1_162' title='bbox 524 1854 761 1908; x_wconf 78' lang='lat' dir='ltr'>Vibcrgis.)</span> 
     </span>
    </p>

    <p class='ocr_par' dir='ltr' id='par_1_11' title="bbox 611 1927 1798 1970">
     <span class='ocr_line' id='line_1_24' title="bbox 611 1927 1798 1970; baseline 0 -2"><span class='ocrx_word' id='word_1_163' title='bbox 611 1928 964 1970; x_wconf 86' lang='lat' dir='ltr'>M.CC.LXXIX.</span> <span class='ocrx_word' id='word_1_164' title='bbox 1000 1928 1220 1969; x_wconf 86' lang='lat' dir='ltr'>fundatus</span> <span class='ocrx_word' id='word_1_165' title='bbox 1254 1933 1320 1969; x_wconf 91' lang='lat' dir='ltr'>est</span> <span class='ocrx_word' id='word_1_166' title='bbox 1352 1929 1481 1969; x_wconf 90' lang='lat' dir='ltr'>locus</span> <span class='ocrx_word' id='word_1_167' title='bbox 1515 1927 1798 1970; x_wconf 66' lang='lat' dir='ltr'>Othenie.*</span> 
     </span>
    </p>
   </div>
   <div class='ocr_carea' id='block_1_3' title="bbox 546 2002 2148 2006">
    <p class='ocr_par' dir='ltr' id='par_1_12' title="bbox 546 2002 2148 2006">
     <span class='ocr_line' id='line_1_25' title="bbox 546 2002 2148 2006; baseline 0 0"><span class='ocrx_word' id='word_1_168' title='bbox 546 2002 2148 2006; x_wconf 95' lang='lat' dir='ltr'> </span> 
     </span>
    </p>
   </div>
   <div class='ocr_carea' id='block_1_4' title="bbox 468 2053 2182 3131">
    <p class='ocr_par' dir='ltr' id='par_1_13' title="bbox 526 2053 2182 2272">
     <span class='ocr_line' id='line_1_26' title="bbox 616 2053 2178 2100; baseline 0.001 -11"><span class='ocrx_word' id='word_1_169' title='bbox 616 2055 648 2090; x_wconf 87' lang='lat'>7.</span> <span class='ocrx_word' id='word_1_170' title='bbox 677 2054 953 2100; x_wconf 80' lang='lat' dir='ltr'>Threlburgis</span> <span class='ocrx_word' id='word_1_171' title='bbox 980 2055 1021 2098; x_wconf 80' lang='lat' dir='ltr'>P,</span> <span class='ocrx_word' id='word_1_172' title='bbox 1054 2066 1082 2091; x_wconf 85' lang='lat' dir='ltr'>s.</span> <span class='ocrx_word' id='word_1_173' title='bbox 1112 2066 1140 2090; x_wconf 84' lang='lat' dir='ltr'>s.</span> <span class='ocrx_word' id='word_1_174' title='bbox 1175 2055 1450 2100; x_wconf 80' lang='lat' dir='ltr'>traeleburgis‚</span> <span class='ocrx_word' id='word_1_175' title='bbox 1483 2054 1591 2099; x_wconf 83' lang='lat' dir='ltr'>quod</span> <span class='ocrx_word' id='word_1_176' title='bbox 1622 2053 1767 2100; x_wconf 76' lang='lat' dir='ltr'>recepit</span> <span class='ocrx_word' id='word_1_177' title='bbox 1792 2054 1830 2089; x_wconf 87' lang='lat' dir='ltr'>L.</span> <span class='ocrx_word' id='word_1_178' title='bbox 1897 2054 2018 2090; x_wconf 77' lang='lat'>7-8.</span> <span class='ocrx_word' id='word_1_179' title='bbox 2053 2054 2118 2090; x_wconf 89' lang='lat' dir='ltr'>die</span> <span class='ocrx_word' id='word_1_180' title='bbox 2142 2054 2178 2090; x_wconf 90' lang='lat' dir='ltr'>b.</span> 
     </span>
     <span class='ocr_line' id='line_1_27' title="bbox 528 2111 2180 2158; baseline 0 -11"><span class='ocrx_word' id='word_1_181' title='bbox 528 2112 831 2147; x_wconf 74' lang='lat' dir='ltr'>Hieronimi:</span> <span class='ocrx_word' id='word_1_182' title='bbox 856 2112 915 2147; x_wconf 80' lang='lat'>30.</span> <span class='ocrx_word' id='word_1_183' title='bbox 948 2111 1202 2158; x_wconf 77' lang='lat' dir='ltr'>Septembris.</span> <span class='ocrx_word' id='word_1_184' title='bbox 1279 2113 1313 2148; x_wconf 81' lang='lat'>9.</span> <span class='ocrx_word' id='word_1_185' title='bbox 1354 2111 1467 2158; x_wconf 88' lang='lat' dir='ltr'>quod</span> <span class='ocrx_word' id='word_1_186' title='bbox 1501 2111 1652 2147; x_wconf 79' lang='lat' dir='ltr'>addidi.</span> <span class='ocrx_word' id='word_1_187' title='bbox 1733 2111 1793 2147; x_wconf 89' lang='lat'>13.</span> <span class='ocrx_word' id='word_1_188' title='bbox 1835 2111 1983 2147; x_wconf 85' lang='lat' dir='ltr'>Ysarni</span> <span class='ocrx_word' id='word_1_189' title='bbox 2026 2112 2068 2155; x_wconf 82' lang='grc' dir='ltr'>Ρ,</span> <span class='ocrx_word' id='word_1_190' title='bbox 2114 2112 2180 2147; x_wconf 84' lang='lat' dir='ltr'>sed</span> 
     </span>
     <span class='ocr_line' id='line_1_28' title="bbox 526 2168 2179 2216; baseline 0 -12"><span class='ocrx_word' id='word_1_191' title='bbox 526 2169 602 2204; x_wconf 75' lang='lat' dir='ltr'>hoc</span> <span class='ocrx_word' id='word_1_192' title='bbox 635 2180 773 2205; x_wconf 79' lang='lat' dir='ltr'>nerum</span> <span class='ocrx_word' id='word_1_193' title='bbox 807 2180 888 2205; x_wconf 84' lang='lat' dir='ltr'>esse</span> <span class='ocrx_word' id='word_1_194' title='bbox 918 2180 1003 2205; x_wconf 85' lang='lat' dir='ltr'>non</span> <span class='ocrx_word' id='word_1_195' title='bbox 1034 2171 1174 2216; x_wconf 85' lang='lat' dir='ltr'>potest,</span> <span class='ocrx_word' id='word_1_196' title='bbox 1223 2181 1314 2205; x_wconf 84' lang='lat' dir='ltr'>cum</span> <span class='ocrx_word' id='word_1_197' title='bbox 1352 2169 1529 2205; x_wconf 78' lang='lat' dir='ltr'>Ysurnus</span> <span class='ocrx_word' id='word_1_198' title='bbox 1570 2168 1898 2214; x_wconf 79' lang='lat' dir='ltr'>archiepiscopus</span> <span class='ocrx_word' id='word_1_199' title='bbox 1929 2171 2029 2205; x_wconf 83' lang='lat' dir='ltr'>esset</span> <span class='ocrx_word' id='word_1_200' title='bbox 2057 2169 2179 2204; x_wconf 77' lang='lat' dir='ltr'>annis</span> 
     </span>
     <span class='ocr_line' id='line_1_29' title="bbox 528 2225 2182 2272; baseline -0.001 -10"><span class='ocrx_word' id='word_1_201' title='bbox 528 2226 772 2272; x_wconf 76' lang='lat'><em>1302-—10;</em></span> <span class='ocrx_word' id='word_1_202' title='bbox 814 2227 854 2262; x_wconf 91' lang='lat' dir='ltr'>in</span> <span class='ocrx_word' id='word_1_203' title='bbox 892 2226 1028 2262; x_wconf 74' lang='lat' dir='ltr'>tabula</span> <span class='ocrx_word' id='word_1_204' title='bbox 1064 2227 1288 2262; x_wconf 77' lang='lat' dir='ltr'>Ystudiensi</span> <span class='ocrx_word' id='word_1_205' title='bbox 1318 2227 1466 2262; x_wconf 84' lang='lat' dir='ltr'>Jacobi</span> <span class='ocrx_word' id='word_1_206' title='bbox 1497 2225 1624 2272; x_wconf 83' lang='lat' dir='ltr'>fuisse</span> <span class='ocrx_word' id='word_1_207' title='bbox 1656 2225 1823 2270; x_wconf 75' lang='lat' dir='ltr'>videtur,</span> <span class='ocrx_word' id='word_1_208' title='bbox 1862 2228 1897 2261; x_wconf 85' lang='lat' dir='ltr'>et</span> <span class='ocrx_word' id='word_1_209' title='bbox 1927 2226 2182 2272; x_wconf 64' lang='lat' dir='ltr'>significatur</span> 
     </span>
    </p>

    <p class='ocr_par' dir='ltr' id='par_1_14' title="bbox 468 2282 2180 3131">
     <span class='ocr_line' id='line_1_30' title="bbox 468 2282 2180 2330; baseline -0.001 -11"><span class='ocrx_word' id='word_1_210' title='bbox 468 2297 471 2298; x_wconf 46' lang='lat'><em>⁷</em></span> <span class='ocrx_word' id='word_1_211' title='bbox 524 2283 700 2319; x_wconf 79' lang='lat' dir='ltr'>Jucobus</span> <span class='ocrx_word' id='word_1_212' title='bbox 737 2284 909 2319; x_wconf 81' lang='lat' dir='ltr'>Erlundi</span> <span class='ocrx_word' id='word_1_213' title='bbox 937 2284 981 2329; x_wconf 85' lang='lat' dir='ltr'>f.,</span> <span class='ocrx_word' id='word_1_214' title='bbox 1017 2285 1087 2330; x_wconf 79' lang='lat' dir='ltr'>qui</span> <span class='ocrx_word' id='word_1_215' title='bbox 1119 2284 1447 2330; x_wconf 74' lang='lat' dir='ltr'>cit-chiepiscopus</span> <span class='ocrx_word' id='word_1_216' title='bbox 1476 2282 1557 2328; x_wconf 88' lang='lat' dir='ltr'>fuit</span> <span class='ocrx_word' id='word_1_217' title='bbox 1585 2282 1814 2321; x_wconf 69' lang='lat'><em>1253—74.</em></span> <span class='ocrx_word' id='word_1_218' title='bbox 1879 2283 2012 2319; x_wconf 80' lang='lat' dir='ltr'>Etiam</span> <span class='ocrx_word' id='word_1_219' title='bbox 2046 2294 2180 2319; x_wconf 81' lang='lat' dir='ltr'>annus</span> 
     </span>
     <span class='ocr_line' id='line_1_31' title="bbox 523 2339 2177 2386; baseline 0 -10"><span class='ocrx_word' id='word_1_220' title='bbox 523 2341 782 2386; x_wconf 77' lang='lat' dir='ltr'>fundationis</span> <span class='ocrx_word' id='word_1_221' title='bbox 821 2341 926 2377; x_wconf 77' lang='lat' dir='ltr'>(ilius</span> <span class='ocrx_word' id='word_1_222' title='bbox 965 2341 1056 2386; x_wconf 85' lang='lat' dir='ltr'>fuit,</span> <span class='ocrx_word' id='word_1_223' title='bbox 1103 2353 1186 2377; x_wconf 88' lang='lat' dir='ltr'>non</span> <span class='ocrx_word' id='word_1_224' title='bbox 1228 2341 1358 2386; x_wconf 78' lang='lat'><em>1267‚·</em></span> <span class='ocrx_word' id='word_1_225' title='bbox 1407 2344 1491 2377; x_wconf 86' lang='lat' dir='ltr'>tum</span> <span class='ocrx_word' id='word_1_226' title='bbox 1533 2340 1641 2376; x_wconf 84' lang='lat' dir='ltr'>enim</span> <span class='ocrx_word' id='word_1_227' title='bbox 1682 2339 1916 2376; x_wconf 73' lang='lat' dir='ltr'>Alexander</span> <span class='ocrx_word' id='word_1_228' title='bbox 1950 2351 2062 2386; x_wconf 81' lang='lat' dir='ltr'>papa</span> <span class='ocrx_word' id='word_1_229' title='bbox 2102 2340 2177 2385; x_wconf 64' lang='lat' dir='ltr'>IV„</span> 
     </span>
     <span class='ocr_line' id='line_1_32' title="bbox 526 2397 2177 2444; baseline 0 -11"><span class='ocrx_word' id='word_1_230' title='bbox 526 2399 639 2434; x_wconf 77' lang='lat' dir='ltr'>cuius</span> <span class='ocrx_word' id='word_1_231' title='bbox 672 2409 821 2434; x_wconf 86' lang='lat' dir='ltr'>nomen</span> <span class='ocrx_word' id='word_1_232' title='bbox 855 2399 961 2435; x_wconf 81' lang='lat' dir='ltr'>dictu</span> <span class='ocrx_word' id='word_1_233' title='bbox 995 2398 1132 2434; x_wconf 78' lang='lat' dir='ltr'>tabula</span> <span class='ocrx_word' id='word_1_234' title='bbox 1164 2398 1295 2444; x_wconf 77' lang='lat' dir='ltr'>habet,</span> <span class='ocrx_word' id='word_1_235' title='bbox 1331 2401 1516 2434; x_wconf 75' lang='lat' dir='ltr'>mortuus</span> <span class='ocrx_word' id='word_1_236' title='bbox 1548 2400 1652 2442; x_wconf 79' lang='lat' dir='ltr'>erut;</span> <span class='ocrx_word' id='word_1_237' title='bbox 1689 2397 1874 2433; x_wconf 78' lang='lat' dir='ltr'>videatur</span> <span class='ocrx_word' id='word_1_238' title='bbox 1901 2398 1935 2434; x_wconf 88' lang='lat' dir='ltr'>J.</span> <span class='ocrx_word' id='word_1_239' title='bbox 1971 2397 2177 2441; x_wconf 71' lang='lat' dir='ltr'>Linchaelc,</span> 
     </span>
     <span class='ocr_line' id='line_1_33' title="bbox 525 2454 2178 2502; baseline -0.001 -11"><span class='ocrx_word' id='word_1_240' title='bbox 525 2456 595 2502; x_wconf 79' lang='lat' dir='ltr'>qui</span> <span class='ocrx_word' id='word_1_241' title='bbox 633 2456 673 2491; x_wconf 82' lang='lat' dir='ltr'>in</span> <span class='ocrx_word' id='word_1_242' title='bbox 718 2455 820 2491; x_wconf 75' lang='lat' dir='ltr'>libro</span> <span class='ocrx_word' id='word_1_243' title='bbox 859 2467 985 2502; x_wconf 78' lang='lat' dir='ltr'>supra</span> <span class='ocrx_word' id='word_1_244' title='bbox 1022 2467 1061 2502; x_wconf 86' lang='lat' dir='ltr'>p.</span> <span class='ocrx_word' id='word_1_245' title='bbox 1096 2456 1171 2492; x_wconf 87' lang='grc'>281</span> <span class='ocrx_word' id='word_1_246' title='bbox 1208 2457 1248 2491; x_wconf 89' lang='lat' dir='ltr'>in</span> <span class='ocrx_word' id='word_1_247' title='bbox 1287 2459 1384 2491; x_wconf 77' lang='lat' dir='ltr'>notu</span> <span class='ocrx_word' id='word_1_248' title='bbox 1424 2456 1443 2491; x_wconf 85' lang='lat'><em>1</em></span> <span class='ocrx_word' id='word_1_249' title='bbox 1479 2455 1643 2491; x_wconf 83' lang='lat' dir='ltr'>quduto</span> <span class='ocrx_word' id='word_1_250' title='bbox 1674 2455 1722 2490; x_wconf 84' lang='lat' dir='ltr'>de</span> <span class='ocrx_word' id='word_1_251' title='bbox 1752 2454 1830 2490; x_wconf 78' lang='lat' dir='ltr'>hac</span> <span class='ocrx_word' id='word_1_252' title='bbox 1861 2466 1902 2491; x_wconf 76' lang='lat' dir='ltr'>re</span> <span class='ocrx_word' id='word_1_253' title='bbox 1929 2467 1967 2501; x_wconf 86' lang='lat' dir='ltr'>p.</span> <span class='ocrx_word' id='word_1_254' title='bbox 2004 2456 2081 2491; x_wconf 67' lang='lat'>194</span> <span class='ocrx_word' id='word_1_255' title='bbox 2097 2466 2178 2502; x_wconf 83' lang='lat' dir='ltr'>sqq.</span> 
     </span>
     <span class='ocr_line' id='line_1_34' title="bbox 526 2510 2176 2562; baseline 0.001 -15"><span class='ocrx_word' id='word_1_256' title='bbox 526 2513 705 2558; x_wconf 79' lang='lat' dir='ltr'>disputat</span> <span class='ocrx_word' id='word_1_257' title='bbox 729 2516 764 2549; x_wconf 82' lang='lat' dir='ltr'>et</span> <span class='ocrx_word' id='word_1_258' title='bbox 795 2513 894 2548; x_wconf 77' lang='lat'><strong><em>1257</em></strong></span> <span class='ocrx_word' id='word_1_259' title='bbox 920 2514 979 2548; x_wconf 80' lang='lat' dir='ltr'>uel</span> <span class='ocrx_word' id='word_1_260' title='bbox 1003 2513 1108 2549; x_wconf 86' lang='grc'><em>1258</em></span> <span class='ocrx_word' id='word_1_261' title='bbox 1135 2524 1273 2548; x_wconf 81' lang='lat' dir='ltr'>uerum</span> <span class='ocrx_word' id='word_1_262' title='bbox 1307 2524 1465 2548; x_wconf 78' lang='lat' dir='ltr'>annum</span> <span class='ocrx_word' id='word_1_263' title='bbox 1498 2510 1623 2562; x_wconf 82' lang='lat' dir='ltr'>fuisse</span> <span class='ocrx_word' id='word_1_264' title='bbox 1653 2511 1892 2558; x_wconf 80' lang='lat' dir='ltr'>suspicatur.</span> <span class='ocrx_word' id='word_1_265' title='bbox 1958 2513 2020 2549; x_wconf 84' lang='grc'>16.</span> <span class='ocrx_word' id='word_1_266' title='bbox 2044 2514 2176 2557; x_wconf 77' lang='lat' dir='ltr'>Domo</span> 
     </span>
     <span class='ocr_line' id='line_1_35' title="bbox 527 2569 2178 2613; baseline 0 -8"><span class='ocrx_word' id='word_1_267' title='bbox 527 2570 640 2605; x_wconf 84' lang='lat' dir='ltr'>initio</span> <span class='ocrx_word' id='word_1_268' title='bbox 675 2571 718 2613; x_wconf 78' lang='grc' dir='ltr'>Ρ,</span> <span class='ocrx_word' id='word_1_269' title='bbox 757 2571 826 2606; x_wconf 85' lang='lat' dir='ltr'>sed</span> <span class='ocrx_word' id='word_1_270' title='bbox 862 2571 1082 2606; x_wconf 73' lang='lat' dir='ltr'>correxisse</span> <span class='ocrx_word' id='word_1_271' title='bbox 1121 2570 1197 2606; x_wconf 81' lang='lat' dir='ltr'>vid.</span> <span class='ocrx_word' id='word_1_272' title='bbox 1232 2570 1271 2605; x_wconf 89' lang='lat' dir='ltr'>in</span> <span class='ocrx_word' id='word_1_273' title='bbox 1313 2571 1457 2606; x_wconf 78' lang='lat' dir='ltr'>Domu.</span> <span class='ocrx_word' id='word_1_274' title='bbox 1512 2571 1569 2605; x_wconf 86' lang='lat'>17.</span> <span class='ocrx_word' id='word_1_275' title='bbox 1594 2569 1717 2605; x_wconf 79' lang='lat' dir='ltr'>Verba</span> <span class='ocrx_word' id='word_1_276' title='bbox 1757 2570 1834 2605; x_wconf 86' lang='lat' dir='ltr'>sub</span> <span class='ocrx_word' id='word_1_277' title='bbox 1869 2571 1956 2606; x_wconf 87' lang='lat' dir='ltr'>Inn.</span> <span class='ocrx_word' id='word_1_278' title='bbox 1990 2571 2025 2606; x_wconf 81' lang='lat'>4.</span> <span class='ocrx_word' id='word_1_279' title='bbox 2060 2573 2101 2605; x_wconf 91' lang='lat' dir='ltr'>vt</span> <span class='ocrx_word' id='word_1_280' title='bbox 2132 2569 2178 2606; x_wconf 67' lang='lat' dir='ltr'>df*</span> 
     </span>
     <span class='ocr_line' id='line_1_36' title="bbox 521 2622 2177 2673; baseline 0 -10"><span class='ocrx_word' id='word_1_281' title='bbox 521 2630 660 2673; x_wconf 76' lang='lat' dir='ltr'>posted</span> <span class='ocrx_word' id='word_1_282' title='bbox 694 2629 724 2663; x_wconf 81' lang='lat' dir='ltr'>P</span> <span class='ocrx_word' id='word_1_283' title='bbox 756 2639 785 2666; x_wconf 79' lang='lat' dir='ltr'>s,</span> <span class='ocrx_word' id='word_1_284' title='bbox 814 2639 846 2664; x_wconf 84' lang='lat' dir='ltr'>v.</span> <span class='ocrx_word' id='word_1_285' title='bbox 881 2628 1060 2670; x_wconf 79' lang='lat' dir='ltr'>uddidit‚·</span> <span class='ocrx_word' id='word_1_286' title='bbox 1093 2628 1161 2663; x_wconf 89' lang='lat' dir='ltr'>sed</span> <span class='ocrx_word' id='word_1_287' title='bbox 1195 2629 1281 2663; x_wconf 86' lang='lat' dir='ltr'>lun.</span> <span class='ocrx_word' id='word_1_288' title='bbox 1302 2629 1324 2663; x_wconf 83' lang='lat'>5</span> <span class='ocrx_word' id='word_1_289' title='bbox 1357 2622 1482 2664; x_wconf 76' lang='lat' dir='ltr'>scribi</span> <span class='ocrx_word' id='word_1_290' title='bbox 1514 2626 1660 2672; x_wconf 81' lang='lat' dir='ltr'>debuit,</span> <span class='ocrx_word' id='word_1_291' title='bbox 1694 2626 1765 2672; x_wconf 76' lang='lat' dir='ltr'>qui</span> <span class='ocrx_word' id='word_1_292' title='bbox 1792 2638 1904 2673; x_wconf 82' lang='lat' dir='ltr'>pupu</span> <span class='ocrx_word' id='word_1_293' title='bbox 1937 2629 2023 2662; x_wconf 80' lang='lat' dir='ltr'>erut</span> <span class='ocrx_word' id='word_1_294' title='bbox 2050 2638 2124 2673; x_wconf 78' lang='lat' dir='ltr'>per</span> <span class='ocrx_word' id='word_1_295' title='bbox 2154 2627 2177 2662; x_wconf 88' lang='lat'><em>5</em></span> 
     </span>
     <span class='ocr_line' id='line_1_37' title="bbox 526 2683 2176 2730; baseline 0.001 -10"><span class='ocrx_word' id='word_1_296' title='bbox 526 2696 681 2720; x_wconf 83' lang='lat' dir='ltr'>menses</span> <span class='ocrx_word' id='word_1_297' title='bbox 714 2686 818 2720; x_wconf 83' lang='lat' dir='ltr'>unni</span> <span class='ocrx_word' id='word_1_298' title='bbox 850 2685 954 2722; x_wconf 85' lang='grc'><em>1276</em></span> <span class='ocrx_word' id='word_1_299' title='bbox 968 2699 979 2729; x_wconf 83' lang='grc'>,·</span> <span class='ocrx_word' id='word_1_300' title='bbox 1012 2688 1183 2720; x_wconf 73' lang='lat' dir='ltr'>ceterum</span> <span class='ocrx_word' id='word_1_301' title='bbox 1220 2684 1296 2723; x_wconf 83' lang='lat' dir='ltr'>vid.</span> <span class='ocrx_word' id='word_1_302' title='bbox 1326 2696 1366 2730; x_wconf 91' lang='lat' dir='ltr'>p.</span> <span class='ocrx_word' id='word_1_303' title='bbox 1400 2684 1489 2730; x_wconf 67' lang='lat'>293,</span> <span class='ocrx_word' id='word_1_304' title='bbox 1526 2684 1588 2722; x_wconf 87' lang='lat'>13.</span> <span class='ocrx_word' id='word_1_305' title='bbox 1652 2684 1831 2720; x_wconf 78' lang='lat'>20-21.</span> <span class='ocrx_word' id='word_1_306' title='bbox 1870 2683 1992 2720; x_wconf 74' lang='lat' dir='ltr'>Vei-bu</span> <span class='ocrx_word' id='word_1_307' title='bbox 2027 2684 2176 2721; x_wconf 83' lang='lat' dir='ltr'>Isti...</span> 
     </span>
     <span class='ocr_line' id='line_1_38' title="bbox 526 2741 2178 2789; baseline 0.001 -13"><span class='ocrx_word' id='word_1_308' title='bbox 526 2743 725 2789; x_wconf 76' lang='lat' dir='ltr'>ktepping</span> <span class='ocrx_word' id='word_1_309' title='bbox 762 2745 901 2788; x_wconf 79' lang='lat' dir='ltr'>postea</span> <span class='ocrx_word' id='word_1_310' title='bbox 942 2743 983 2778; x_wconf 88' lang='lat' dir='ltr'>in</span> <span class='ocrx_word' id='word_1_311' title='bbox 1025 2743 1106 2788; x_wconf 83' lang='lat' dir='ltr'>fine</span> <span class='ocrx_word' id='word_1_312' title='bbox 1146 2753 1281 2777; x_wconf 76' lang='lat' dir='ltr'>versus</span> <span class='ocrx_word' id='word_1_313' title='bbox 1323 2742 1462 2777; x_wconf 78' lang='lat' dir='ltr'>additu</span> <span class='ocrx_word' id='word_1_314' title='bbox 1502 2743 1618 2786; x_wconf 83' lang='lat' dir='ltr'>sunt;</span> <span class='ocrx_word' id='word_1_315' title='bbox 1663 2741 1869 2788; x_wconf 77' lang='lat' dir='ltr'>sequentia</span> <span class='ocrx_word' id='word_1_316' title='bbox 1911 2741 1950 2776; x_wconf 86' lang='lat' dir='ltr'>in</span> <span class='ocrx_word' id='word_1_317' title='bbox 1992 2741 2178 2788; x_wconf 72' lang='lat' dir='ltr'>maryine</span> 
     </span>
     <span class='ocr_line' id='line_1_39' title="bbox 525 2798 2177 2845; baseline 0 -11"><span class='ocrx_word' id='word_1_318' title='bbox 525 2799 702 2845; x_wconf 80' lang='lat' dir='ltr'>sinistro,</span> <span class='ocrx_word' id='word_1_319' title='bbox 749 2800 817 2835; x_wconf 88' lang='lat' dir='ltr'>sed</span> <span class='ocrx_word' id='word_1_320' title='bbox 855 2800 934 2835; x_wconf 78' lang='lat' dir='ltr'>huc</span> <span class='ocrx_word' id='word_1_321' title='bbox 966 2811 1048 2835; x_wconf 86' lang='lat' dir='ltr'>non</span> <span class='ocrx_word' id='word_1_322' title='bbox 1079 2799 1282 2844; x_wconf 79' lang='lat' dir='ltr'>pertinere</span> <span class='ocrx_word' id='word_1_323' title='bbox 1315 2799 1513 2835; x_wconf 77' lang='lat' dir='ltr'>uidentur.</span> <span class='ocrx_word' id='word_1_324' title='bbox 1578 2799 1642 2834; x_wconf 86' lang='lat'>23.</span> <span class='ocrx_word' id='word_1_325' title='bbox 1677 2799 1875 2835; x_wconf 85' lang='lat' dir='ltr'>Othenie:</span> <span class='ocrx_word' id='word_1_326' title='bbox 1918 2801 2011 2844; x_wconf 87' lang='lat' dir='ltr'>post</span> <span class='ocrx_word' id='word_1_327' title='bbox 2040 2798 2116 2834; x_wconf 79' lang='lat' dir='ltr'>hoc</span> <span class='ocrx_word' id='word_1_328' title='bbox 2147 2799 2177 2834; x_wconf 91' lang='lat' dir='ltr'><strong>P</strong></span> 
     </span>
     <span class='ocr_line' id='line_1_40' title="bbox 525 2854 2175 2903; baseline -0.001 -11"><span class='ocrx_word' id='word_1_329' title='bbox 525 2856 700 2902; x_wconf 74' lang='lat' dir='ltr'>scripsit:</span> <span class='ocrx_word' id='word_1_330' title='bbox 734 2858 855 2892; x_wconf 82' lang='lat' dir='ltr'>Verte</span> <span class='ocrx_word' id='word_1_331' title='bbox 888 2857 1034 2892; x_wconf 86' lang='lat' dir='ltr'>folium</span> <span class='ocrx_word' id='word_1_332' title='bbox 1069 2867 1249 2902; x_wconf 86' lang='lat' dir='ltr'>sequens</span> <span class='ocrx_word' id='word_1_333' title='bbox 1283 2859 1321 2892; x_wconf 86' lang='lat' dir='ltr'>et</span> <span class='ocrx_word' id='word_1_334' title='bbox 1352 2857 1475 2903; x_wconf 82' lang='lat' dir='ltr'>plura</span> <span class='ocrx_word' id='word_1_335' title='bbox 1509 2856 1700 2891; x_wconf 87' lang='lat' dir='ltr'>inuenies</span> <span class='ocrx_word' id='word_1_336' title='bbox 1731 2854 1843 2903; x_wconf 85' lang='lat' dir='ltr'>(non,</span> <span class='ocrx_word' id='word_1_337' title='bbox 1893 2857 1936 2890; x_wconf 90' lang='lat' dir='ltr'>ut</span> <span class='ocrx_word' id='word_1_338' title='bbox 1973 2855 2096 2891; x_wconf 81' lang='lat' dir='ltr'>edidit</span> <span class='ocrx_word' id='word_1_339' title='bbox 2127 2856 2175 2890; x_wconf 89' lang='lat' dir='ltr'>L:</span> 
     </span>
     <span class='ocr_line' id='line_1_41' title="bbox 526 2912 2174 2962; baseline -0.001 -13"><span class='ocrx_word' id='word_1_340' title='bbox 526 2914 623 2949; x_wconf 88' lang='lat' dir='ltr'>Post</span> <span class='ocrx_word' id='word_1_341' title='bbox 656 2914 777 2960; x_wconf 87' lang='lat' dir='ltr'>plura</span> <span class='ocrx_word' id='word_1_342' title='bbox 810 2912 1025 2962; x_wconf 84' lang='lat' dir='ltr'>inuenies).</span> <span class='ocrx_word' id='word_1_343' title='bbox 1090 2913 1348 2959; x_wconf 62' lang='lat' dir='ltr'>Significuuit</span> <span class='ocrx_word' id='word_1_344' title='bbox 1384 2912 1454 2959; x_wconf 84' lang='lat' dir='ltr'>fol.</span> <span class='ocrx_word' id='word_1_345' title='bbox 1490 2913 1604 2958; x_wconf 49' lang='lat'>1092</span> <span class='ocrx_word' id='word_1_346' title='bbox 1646 2913 1686 2948; x_wconf 88' lang='lat' dir='ltr'>in</span> <span class='ocrx_word' id='word_1_347' title='bbox 1719 2923 1798 2959; x_wconf 80' lang='lat' dir='ltr'>quo</span> <span class='ocrx_word' id='word_1_348' title='bbox 1831 2924 1875 2948; x_wconf 78' lang='lat' dir='ltr'>eu</span> <span class='ocrx_word' id='word_1_349' title='bbox 1908 2913 2174 2959; x_wconf 78' lang='lat' dir='ltr'>reperiuntur,</span> 
     </span>
     <span class='ocr_line' id='line_1_42' title="bbox 526 2969 2173 3016; baseline -0.001 -11"><span class='ocrx_word' id='word_1_350' title='bbox 526 2981 614 3016; x_wconf 80' lang='lat' dir='ltr'>quae</span> <span class='ocrx_word' id='word_1_351' title='bbox 634 2970 920 3016; x_wconf 76' lang='lat' dir='ltr'>fundationem</span> <span class='ocrx_word' id='word_1_352' title='bbox 954 2973 1176 3006; x_wconf 84' lang='lat' dir='ltr'>conuentus</span> <span class='ocrx_word' id='word_1_353' title='bbox 1203 2969 1457 3006; x_wconf 78' lang='lat' dir='ltr'>Otheniensis</span> <span class='ocrx_word' id='word_1_354' title='bbox 1478 2972 1678 3016; x_wconf 82' lang='lat' dir='ltr'>spectant‚·</span> <span class='ocrx_word' id='word_1_355' title='bbox 1711 2970 1844 3016; x_wconf 78' lang='lat' dir='ltr'>itaque</span> <span class='ocrx_word' id='word_1_356' title='bbox 1869 2980 1915 3005; x_wconf 81' lang='lat' dir='ltr'>eu</span> <span class='ocrx_word' id='word_1_357' title='bbox 1942 2970 2018 3006; x_wconf 78' lang='lat' dir='ltr'>hoc</span> <span class='ocrx_word' id='word_1_358' title='bbox 2040 2969 2173 3005; x_wconf 80' lang='lat' dir='ltr'>statim</span> 
     </span>
     <span class='ocr_line' id='line_1_43' title="bbox 526 3026 2172 3077; baseline -0.001 -15"><span class='ocrx_word' id='word_1_359' title='bbox 526 3028 611 3063; x_wconf 79' lang='lat' dir='ltr'>Ioco</span> <span class='ocrx_word' id='word_1_360' title='bbox 634 3028 751 3072; x_wconf 88' lang='lat' dir='ltr'>edidi,</span> <span class='ocrx_word' id='word_1_361' title='bbox 780 3039 870 3063; x_wconf 82' lang='lat' dir='ltr'>cum</span> <span class='ocrx_word' id='word_1_362' title='bbox 899 3028 929 3063; x_wconf 87' lang='lat' dir='ltr'>L</span> <span class='ocrx_word' id='word_1_363' title='bbox 953 3039 998 3063; x_wconf 82' lang='lat' dir='ltr'>eu</span> <span class='ocrx_word' id='word_1_364' title='bbox 1023 3027 1107 3065; x_wconf 86' lang='lat' dir='ltr'>Ioco</span> <span class='ocrx_word' id='word_1_365' title='bbox 1121 3038 1273 3075; x_wconf 79' lang='lat' dir='ltr'>parum</span> <span class='ocrx_word' id='word_1_366' title='bbox 1293 3027 1436 3063; x_wconf 88' lang='lat' dir='ltr'>idoneo</span> <span class='ocrx_word' id='word_1_367' title='bbox 1456 3026 1507 3072; x_wconf 83' lang='lat' dir='ltr'>(S.</span> <span class='ocrx_word' id='word_1_368' title='bbox 1526 3027 1571 3077; x_wconf 95' lang='lat' dir='ltr'><em>R</em></span> <span class='ocrx_word' id='word_1_369' title='bbox 1593 3026 1640 3065; x_wconf 87' lang='lat' dir='ltr'>D.</span> <span class='ocrx_word' id='word_1_370' title='bbox 1654 3026 1690 3071; x_wconf 84' lang='lat' dir='ltr'>V,</span> <span class='ocrx_word' id='word_1_371' title='bbox 1714 3038 1754 3074; x_wconf 78' lang='lat' dir='ltr'>p,</span> <span class='ocrx_word' id='word_1_372' title='bbox 1775 3027 1865 3072; x_wconf 81' lang='lat'><strong><em>575,</em></strong></span> <span class='ocrx_word' id='word_1_373' title='bbox 1887 3026 2089 3070; x_wconf 71' lang='lat'><strong><em>42-516,</em></strong></span> <span class='ocrx_word' id='word_1_374' title='bbox 2110 3026 2172 3072; x_wconf 84' lang='lat'>30)</span> 
     </span>
     <span class='ocr_line' id='line_1_44' title="bbox 521 3085 713 3131; baseline 0.005 -11"><span class='ocrx_word' id='word_1_375' title='bbox 521 3085 713 3131; x_wconf 80' lang='lat' dir='ltr'>posuerit.</span> 
     </span>
    </p>
   </div>
  </div>
 </body>
</html>
