2242 3551
456 219 689 248 nxossmvm
723 219 999 249 MONASTERn
1032 220 1160 248 CARAE
1194 219 1365 248 {NSVLAE
1658 209 1733 248 187

87 348 281 384 marum,
327 333 498 387 aliquid
542 334 597 373 de
642 333 847 373 moribus
881 333 1084 374 eiusdem
1120 333 1320 386 episcopi
1356 333 1504 373 dicere
1533 333 1735 372 delectat.

87 410 321 460 Quantum
363 406 483 447 enirn
525 419 577 446 ex
618 405 748 446 factis
789 409 830 445 et
874 406 1026 446 uerbis
1073 410 1114 445 ct
1160 406 1389 446 hilaritate
1438 405 1593 445 nultus
1640 405 1737 445 eius

86 480 363 535 perpendere
407 477 656 532 potuimus,
704 491 841 531 super
880 478 1034 518 omnia
1079 482 1179 531 post
1221 479 1357 519 deum
1400 478 1656 518 monachos
1698 482 1737 516 et

85 564 332 595 conuersos
365 550 541 592 ordinis
574 550 887 591 Cisterciensis
930 550 1160 602 diligebat,
1210 551 1269 591 ita
1311 554 1359 590 ut
1397 563 1652 604 nunquam,
1701 550 1735 589 si

86 625 300 680 possibile
328 628 458 676 esset,
491 637 649 665 eorum
676 622 901 676 presentia
926 623 1153 677 corporali
1179 623 1314 664 uellet
1338 636 1504 675 carere,
1538 635 1736 676 quorum
1764 626 1782 656 5

86 698 300 741 nimirum
336 696 610 738 memoriam
638 696 762 737 dulci
787 696 1103 737 recordatione
1132 696 1295 748 iugiter
1320 695 1555 736 retinebat.
1605 694 1735 735 Deni-

85 785 171 827 que
202 770 346 824 siquis
380 770 634 811 monachos
666 770 879 810 absentes
903 766 914 822 Η
944 768 991 809 in
1026 773 1273 822 conspectu
1307 768 1404 809 eius
1437 768 1735 818 nominasset,
1764 768 1921 803 Fol.19v,

85 846 138 886 de
170 843 267 885 sola
301 842 617 883 nominatione
651 854 810 882 eorum
844 841 982 882 facies
1016 841 1113 882 eius
1146 841 1305 881 hilaris
1339 841 1490 892 fiebat,
1535 852 1738 894 quacun-

85 931 172 972 que
217 915 422 957 mesticie
471 915 638 955 nebula
685 914 932 966 tegebatur.
996 915 1125 955 Vnde
1173 917 1215 954 et
1258 913 1457 954 ministri
1506 912 1602 966 ejus
1650 913 1738 953 hoc

86 989 397 1041 intelligentes,
430 987 830 1042 quotienscunque
862 986 1087 1027 uidissent
1111 999 1216 1027 eum
1242 987 1397 1041 aliqua
1422 985 1738 1038 indignatione
1766 992 1806 1023 10

84 1063 333 1112 turbatum,
380 1060 630 1115 aliquando
670 1060 860 1101 ueritate
899 1059 1150 1113 aliquando
1190 1063 1285 1100 arte
1328 1059 1537 1100 solebant
1570 1059 1737 1099 intrare

84 1137 139 1178 ad
180 1147 284 1175 eum
327 1138 368 1175 et
406 1134 574 1174 dicere:
628 1133 892 1184 »Quantum
932 1145 1181 1186 possumus
1221 1145 1247 1172 a
1291 1132 1424 1184 longe
1466 1132 1737 1182 discernere,

86 1208 341 1249 monachus
374 1206 447 1247 uel
480 1219 734 1247 conuersus
767 1206 892 1246 uenit
924 1219 1004 1258 per
1037 1205 1201 1246 uiam.«
1267 1205 1334 1245 Ad
1370 1217 1567 1258 quorum
1602 1217 1738 1245 uoces

84 1283 144 1323 ita
176 1280 380 1333 gaudens
413 1283 455 1319 et
487 1279 715 1319 iocundus
748 1278 1037 1328 reddebatur,
1079 1290 1133 1319 ac
1165 1278 1202 1318 si
1236 1277 1378 1318 nichil
1410 1275 1739 1328 indignationis

84 1353 240 1395 animo
281 1352 577 1405 concepisset.
640 1351 782 1392 Valde
823 1351 944 1392 enim
986 1352 1183 1403 gaudere
1229 1350 1416 1402 solebat,
1464 1349 1608 1403 siquis
1656 1349 1739 1389 fra·
1766 1354 1806 1385 15

84 1430 204 1467 trum
244 1424 417 1479 aliquid
465 1425 523 1465 ab
564 1437 616 1465 eo
656 1428 805 1477 petere
848 1424 1082 1475 uoluisset,
1129 1436 1213 1464 nec
1251 1422 1496 1477 quisquam
1538 1421 1740 1476 paratior

85 1498 407 1540 inueniebatur
463 1497 519 1538 ad
575 1497 824 1551 petendum
882 1510 1021 1550 quam
1070 1496 1145 1537 ille
1192 1497 1248 1536 ad
1297 1496 1518 1536 dandum.
1610 1495 1739 1535 Vnde

85 1573 282 1613 domnus
315 1570 459 1611 abbas
491 1573 534 1611 et
564 1569 740 1622 fratres,
786 1569 1000 1611 timentes
1041 1570 1138 1610 eius
1177 1569 1460 1610 alacritatem
1494 1567 1739 1619 offendere,

85 1658 177 1686 non
209 1644 360 1685 solum
394 1656 485 1684 non
521 1643 735 1696 petebant
768 1642 910 1684 nimie
942 1643 1000 1683 ab
1035 1655 1102 1694 eo,
1145 1643 1224 1683 sed
1257 1642 1409 1694 etiam,
1457 1654 1545 1695 que
1578 1643 1740 1693 sponte

85 1717 322 1768 offerebat,
379 1715 532 1769 sepius
587 1715 863 1756 recusabant
916 1715 1142 1769 accipere3
1203 1716 1327 1768 quod
1376 1714 1415 1755 ei
1463 1714 1598 1754 ualde
1646 1716 1740 1753 erat
1766 1718 1807 1748 20

85 1789 342 1830 molestum.
405 1788 667 1841 Aliquando
709 1788 876 1841 optulit
909 1788 1064 1829 abbati
1097 1787 1316 1829 animalia
1350 1791 1392 1828 et
1423 1799 1603 1840 queque
1636 1785 1739 1836 alia,

84 1866 124 1904 et
162 1862 348 1904 nolebat
385 1861 614 1914 accipere3
657 1864 699 1901 et
744 1861 818 1901 ille
858 1861 1018 1902 leniter
1065 1861 1309 1902 subridens
1348 1859 1461 1900 dixit
1507 1859 1575 1910 (—
1615 1859 1738 1912 quod

85 1938 239 1989 postea
272 1934 585 1988 experimento
618 1933 867 1974 didicimus
893 1932 976 1986 -—)‚
1009 1935 1134 1988 quod
1168 1933 1339 1974 scilicet
1371 1933 1515 1973 abbas
1548 1931 1740 1972 libenter

84 2008 219 2048 uellet
257 2007 478 2061 accipere,
525 2007 712 2060 quando
756 2007 912 2047 nullus
954 2006 994 2047 ei
1034 2006 1207 2060 aliquid
1250 2006 1442 2046 offerret.
1507 2003 1737 2057 Quicquid

86 2080 236 2121 minus
269 2079 386 2132 fecit,
420 2079 553 2120 nobis
585 2079 913 2132 imputandum
947 2083 1026 2131 est,
1060 2092 1152 2120 non
1186 2079 1240 2131 ei,
1272 2078 1352 2133 qui
1379 2077 1615 2119 noluimus
1642 2075 1739 2116 eius
1765 2080 1808 2111 25

87 2163 302 2205 magnum
352 2152 581 2193 feruorem
630 2152 791 2192 saltem
840 2151 1079 2192 uoluntate
1129 2155 1283 2192 nostra
1329 2151 1533 2204 implere.
1627 2150 1739 2202 Sepe

85 2225 395 2277 ammonebat,
428 2229 477 2265 ut
507 2224 695 2278 aliquod
730 2225 1030 2265 memorabile
1059 2237 1176 2278 opus
1202 2224 1526 2277 inciperemus,
1558 2222 1737 2263 dicens:

91 2297 406 2351 »Operamini‚
452 2298 564 2338 dum
611 2301 796 2350 tempus
843 2297 1045 2347 habetis;
1099 2310 1171 2337 me
1217 2300 1369 2337 autem
1420 2310 1512 2337 non
1561 2308 1740 2348 semper

87 2370 352 2411 habebitis«
405 2369 530 2411 Sicut
554 2373 682 2423 pater
708 2370 898 2410 unicum
931 2374 1055 2410 amat
1088 2370 1251 2418 filium,
1286 2369 1346 2409 ita
1378 2381 1539 2410 omnes
1573 2367 1741 2421 pariter

88 2446 129 2483 et
164 2442 368 2495 singulos
408 2442 625 2495 diligebat
664 2447 705 2483 et
746 2442 863 2483 sicut
904 2443 1090 2495 angelos
1123 2442 1195 2483 dei
1228 2455 1410 2483 summa
1445 2440 1740 2482 ueneratione
1766 2445 1809 2475 30

87 2515 362 2566 honorabat;
384 2512 396 2569 Η
420 2519 462 2556 et
490 2515 629 2555 nimis
656 2515 1027 2567 contristabatur,
1059 2516 1246 2569 quando
1271 2515 1384 2555 forte
1409 2514 1561 2567 aliqua
1588 2526 1738 2554 neces·
1765 2511 1922 2548 Fol.20¹.

88 2587 196 2628 sitas
227 2587 420 2628 fratrum
452 2588 510 2629 ab
542 2600 596 2628 eo
628 2588 876 2629 celabatur.
937 2587 1146 2641 Denique
1178 2589 1379 2628 domnus
1411 2586 1556 2627 abbas
1590 2598 1738 2626 neces-

175 2745 235 2780 11.
276 2744 347 2780 ali·
386 2744 428 2780 in
465 2743 605 2780 dextro
647 2745 847 2790 maryine,
893 2744 1037 2781 deinde
1082 2743 1254 2790 quando
1295 2743 1471 2779 ueritate
1510 2741 1739 2788 aliquando

89 2804 175 2837 arte
215 2804 308 2837 ante
349 2811 509 2837 versum
546 2804 775 2848 sequentem
817 2801 859 2838 in
899 2801 1065 2838 sinistro
1098 2802 1287 2847 mat-gine
1318 2799 1523 2846 suppleuit
1553 2809 1603 2834 m.
1640 2799 1659 2835 1
1697 2798 1739 2837 C.

92 2858 151 2894 15.
189 2864 256 2895 eni
289 2858 335 2903 C,
380 2858 449 2894 sed
488 2859 625 2902 etiam,
671 2858 718 2895 ni
750 2858 887 2905 fallor,
935 2858 1057 2895 scribi
1093 2857 1282 2904 oportail.
1376 2858 1440 2893 21.
1483 2867 1607 2903 queq;
1645 2856 1682 2892 h.
1717 2856 1739 2891 I.

89 2914 319 2962 significare
347 2918 446 2962 puto
478 2927 673 2962 quaequae
702 2914 812 2964 (alia,
844 2926 1112 2963 quaecunque
1145 2917 1288 2958 erant).
1352 2915 1416 2952 23.
1451 2913 1581 2950 abbas
1614 2924 1739 2959 supra

91 2982 187 3011 vers.
220 2971 312 3011 add.
345 2984 398 3010 m.
434 2974 453 3009 1
490 2973 536 3009 C.
612 2974 663 3009 28
682 2983 736 3019 sq.
771 2974 1016 3021 Operamini
1036 3002 1043 3009 .
1065 3003 1071 3009 .
1091 2973 1313 3015 habebitis,
1344 2970 1414 3017 cfr.
1452 2971 1579 3007 Galat.
1613 2972 1646 3015 6,
1669 2970 1739 3009 10.-

91 3027 227 3066 Matth.
261 3029 325 3076 26,
353 3031 416 3067 11.
507 3031 568 3066 29.
616 3031 940 3074 sicut..filiurn,
986 3030 1057 3076 cfr.
1097 3030 1190 3076 Rey.
1224 3029 1272 3072 II,
1308 3029 1342 3074 1,
1368 3029 1429 3064 26.
1521 3028 1584 3064 30.
1632 3028 1739 3064 sicut

92 3087 257 3132 angelos
289 3087 368 3133 dei,
401 3087 471 3134 cfr.
506 3087 634 3123 Galat.
670 3087 704 3131 4,
727 3087 799 3133 14‚·
832 3088 924 3124 Gen.
960 3086 1086 3132 18‚2‚-
1121 3087 1184 3131 19,
1207 3087 1225 3122 1
1248 3086 1296 3122 al.
