2242 3551
402 1009 441 1036 m

402 1372 441 1401 15

398 1734 415 1763 2
422 1734 440 1764 0

474 214 558 253 478
818 222 1095 252 scmPToREs
1127 221 1357 251 ffls'romAE
1389 221 1566 250 DANICAE
1598 221 1798 250 M1NoREs

473 343 609 389 Caput
640 341 768 377 XHL:
817 339 939 384 Quod
973 339 1131 384 Simon,
1168 339 1281 374 filius
1314 338 1426 381 Kari,
1467 338 1649 373 factione
1682 338 1916 374 Sweinonis
1949 349 2136 385 puerum

472 399 684 445 quendam
712 398 845 433 filium
871 397 1007 443 Magni
1032 397 1141 443 regis
1174 407 1334 432 uocans
1366 399 1406 431 et
1438 406 1581 431 secum
1606 406 1828 431 assumens
1853 395 2141 432 insurrexerit.

1108 457 1256 489 contra
1289 453 1491 489 Swerum.

564 526 638 604 W
668 560 788 601 enim
825 572 890 610 ea,
933 572 1022 613 que
1054 571 1241 599 narrare
1274 558 1430 610 gestio,
1478 558 1771 599 luculentiori
1812 557 1914 598 stilo
1948 558 2135 598 ualeam:

471 635 702 685 indagare,
747 631 973 685 superiori
1005 630 1391 684 reincipiendium
1425 635 1492 671 est
1524 630 1725 671 exordio.
1789 630 1988 670 Multum
2019 633 2138 671 tem*

471 706 595 760 poris
638 706 847 758 elapsum
889 704 1123 756 nouimus,
1171 717 1264 757 quo
1298 703 1557 755 Norwagia,
1605 703 1731 744 ciuili
1773 703 1894 743 bello
1934 703 2136 756 pulsata,

471 792 585 833 pene
632 777 837 831 deperiit,
885 781 927 817 et
973 781 1076 830 post
1122 780 1164 817 et
1210 780 1314 817 ante
1361 780 1557 817 mortem
1600 775 1753 828 Magni
1794 775 1935 827 regis3
1984 776 2128 816 multa

469 837 631 905 (enim)
666 850 787 889 mala
821 852 1107 889 emerserunt
1137 848 1183 889 in
1216 860 1370 900 regno,
1417 848 1524 903 quia
1567 862 1645 889 rex
1678 848 1873 899 Swerus,
1921 847 2000 901 qui
2032 861 2137 901 pre-

469 924 645 964 dictum
700 933 851 974 regem
908 921 1066 961 multis
1120 921 1373 974 preliorum
1426 925 1468 961 et
1519 921 1796 961 insidiarum
1858 920 2136 961 occursibus-

469 996 795 1036 molestauerat
843 998 885 1034 et
929 994 1116 1034 tandem
1164 994 1370 1034 occisum
1419 994 1612 1046 uicerat,
1669 992 1883 1046 plurimis
1935 992 2136 1033 infestus-

469 1069 656 1109 effectus
695 1072 790 1108 tam
831 1066 1059 1107 extraneis
1098 1079 1238 1121 quam
1279 1066 1522 1119 indigenis,
1570 1071 1619 1107 ut
1658 1066 1803 1107 alium
1844 1065 2127 1106 Hismaelem

469 1142 690 1192 crederes,
738 1140 909 1180 multos
948 1138 1073 1179 illius
1109 1139 1236 1191 regni
1276 1139 1455 1180 nobiles
1488 1139 1675 1192 expulit,
1720 1151 1836 1193 quos
1870 1151 1964 1178 non
1995 1138 2137 1179 inter-—

468 1214 584 1254 fecit.
633 1214 847 1264 Quorum
880 1225 1016 1263 unus,
1050 1211 1211 1252 Simon
1244 1211 1425 1265 aliquis,
1460 1211 1567 1252 Kari
1601 1211 1739 1264 filius,
1772 1211 1901 1252 diues
1928 1211 2130 1251 multum

468 1291 508 1327 et
548 1286 732 1338 nobilis,
779 1286 836 1325 ad
872 1284 1064 1325 Daciam
1104 1283 1275 1325 eiectus
1318 1288 1403 1335 est,
1452 1284 1545 1338 qui,
1593 1287 1836 1337 susceptus
1867 1296 1893 1323 a
1923 1284 2125 1337 quodam

468 1360 570 1400 uiro
617 1359 753 1399 ualde
800 1358 961 1410 probo,
1008 1357 1197 1397 nomine
1237 1357 1401 1410 Swein,
1450 1361 1491 1397 et
1531 1356 1877 1398 communicato
1920 1369 2026 1396 cum
2074 1368 2133 1397 eo-

468 1431 681 1482 consilio,
737 1434 895 1471 contra
945 1430 1151 1471 Swerum
1200 1429 1319 1470 bella
1367 1443 1556 1470 mouere
1602 1429 1808 1469 tentauit.
1887 1429 1973 1469 Sed
2021 1441 2127 1469 cum

468 1504 738 1558 principem,
778 1503 852 1543 cui
886 1505 1041 1555 posset
1070 1502 1219 1554 inniti,
1259 1515 1352 1543 non
1385 1502 1588 1554 haberet,
1634 1500 1883 1542 tornatoris
1915 1501 2133 1553 alicuius,

468 1582 516 1617 ut
548 1576 691 1628 aiunt,
735 1575 884 1615 filium
924 1588 948 1615 a
983 1575 1150 1626 Magno
1190 1585 1293 1626 rege
1326 1575 1613 1615 mentiuntur
1645 1578 1926 1626 generatum.
1991 1574 2127 1614 Hunc

468 1661 711 1689 assumens
764 1647 957 1700 stipatus
1010 1647 1282 1687 latrunculis
1330 1647 1623 1699 Norwagiani
1677 1646 1802 1687 adire
1850 1646 2104 1687 conabatur

468 1734 553 1762 nec
606 1721 751 1761 multo
807 1724 930 1773 post,
991 1719 1174 1760 rusticis
1221 1719 1561 1765 resistentibus,
1625 1732 1730 1760 cum
1787 1718 1993 1772 principe
2040 1731 2130 1758 suo>

470 1794 725 1835 succubuit.

468 2010 603 2055 Caput
634 2009 752 2044 XIV:
802 2008 1025 2053 Quomodo
1059 2008 1169 2044 idem
1204 2008 1382 2053 Sweino,
1425 2009 1567 2045 Swero
1602 2019 1678 2054 pro
1712 2008 1903 2055 predicto
1937 2007 2129 2044 facinore

872 2065 1071 2110 offensus,
1103 2066 1145 2101 in
1178 2066 1354 2111 gratiam
1387 2065 1501 2102 illius
1533 2066 1717 2104 redierit.

564 2135 688 2212 Hie
713 2170 878 2220 Swein,
911 2170 990 2223 qui
1016 2169 1194 2211 Simoni
1227 2170 1493 2223 supradicto
1525 2170 1757 2211 consensit
1790 2169 1836 2209 in
1868 2170 1958 2210 hoc
1989 2169 2123 2221 facto,

397 2258 436 2286 ·.'
467 2257 588 2283 unus
621 2247 716 2284 erat
745 2242 947 2294 illorum,
979 2242 1060 2296 qui
1092 2242 1361 2295 prefuerunt
1394 2243 1634 2283 Danorum
1667 2241 1881 2294 collegi03
1926 2241 2127 2295 ideoque

467 2315 606 2356 Sweri
638 2316 757 2367 regis
789 2315 924 2356 ualde
954 2315 1188 2356 metuebat
1220 2318 1472 2368 aspectum.
1534 2314 1812 2356 Conuocatis
1843 2313 1981 2365 igitur
2012 2313 2127 2354 ami-

465 2387 662 2427 cissimis
695 2387 804 2438 suis,
850 2387 952 2427 Vlfo
993 2386 1164 2428 scilicet
1203 2387 1398 2440 aliisque
1438 2386 1509 2427 sui
1541 2387 1787 2428 comitatus
1820 2385 2127 2439 principibus,

464 2470 596 2511 agere
627 2472 735 2500 cum
767 2459 858 2499 illis
889 2459 1022 2513 cepit,
1069 2460 1306 2513 quomodo
1338 2460 1456 2511 regis
1488 2459 1695 2511 gratiam,
1736 2471 1877 2512 quam
1910 2458 2127 2499 crimina·

464 2531 564 2572 liter
595 2532 772 2583 leserat,
819 2532 1046 2583 mittigare
1089 2531 1323 2585 potuisset.
1388 2531 1567 2572 Placuit
1597 2531 1687 2571 illis
1719 2530 1837 2582 regis
1868 2530 1994 2571 adire
2026 2542 2121 2583 pre-

553 2688 586 2723 1.
622 2686 817 2732 factione,
863 2687 886 2724 i.
920 2697 950 2723 e.
992 2687 1141 2723 dolosa
1173 2687 1501 2731 machinatione,
1547 2686 1863 2722 subornatione.
1941 2687 1976 2721 4.
2009 2684 2120 2721 enim

470 2758 512 2774 Ξ
535 2747 686 2780 autem.
749 2745 785 2780 5.
817 2744 1017 2790 indagare
1048 2743 1088 2780 Ιι.
1123 2744 1147 2780 l.
1176 2755 1255 2790 pro
1294 2743 1505 2790 explicare
1544 2744 1696 2779 dictum
1735 2742 1901 2778 videtur.
1966 2743 2000 2778 6.
2034 2751 2124 2787 quo

462 2801 539 2847 <vel
571 2812 647 2847 per
677 2799 809 2849 quod)
839 2801 1001 2847 scripsi,
1045 2801 1161 2847 quod
1193 2801 1239 2837 Ο.
1303 2802 1339 2840 8,
1374 2801 1485 2836 enim
1517 2798 1602 2848 (.n.)
1633 2800 1786 2836 addidi.
1854 2800 1914 2835 11.
1948 2799 2123 2835 effectus

465 2869 543 2894 om.
578 2858 617 2894 S.
710 2858 984 2894 Hisniaelem:
1032 2858 1103 2902 cfr.
1147 2857 1283 2894 Genes.
1320 2858 1383 2902 16,
1403 2858 1526 2904 usq.
1573 2856 1658 2905 (hic
1697 2858 1776 2893 erit
1815 2856 1929 2892 ferus
1971 2856 2123 2899 homo;.

466 2926 615 2950 manus
670 2916 760 2951 eius
813 2919 961 2951 contra
1020 2926 1188 2958 omnes,
1249 2918 1289 2950 et
1343 2926 1493 2950 manus
1547 2914 1736 2950 omnium
1793 2916 1940 2949 contra
1997 2911 2117 2959 eum).

469 2973 529 3007 15.
571 2970 782 3020 Swerin(!)
822 2972 861 3008 S.
938 2973 1002 3007 21.
1035 2972 1274 3008 succubuit:
1322 2972 1399 3007 1106
1440 2971 1597 3016 factum
1645 2973 1701 3007 est
1745 2981 1859 3006 anno
1907 2969 2024 3006 7191.
2064 2989 2121 2994 —-

466 3029 530 3064 28.
576 3029 685 3075 regis
730 3029 861 3075 gratia
910 3028 1014 3065 idem
1066 3029 1172 3064 valet
1215 3029 1325 3075 quod
1375 3040 1459 3064 rex.
1563 3029 1627 3064 29.
1674 3028 1865 3073 mitigare
1911 3026 1949 3063 11.
2001 3026 2020 3062 l.
2067 3025 2119 3061 O.

466 3086 672 3131 potuisset
704 3085 761 3133 03
794 3089 937 3131 posset
971 3086 1003 3121 K
1034 3086 1265 3121 coniectum
1298 3096 1380 3121 non
1413 3085 1650 3121 necessaria.
