2242 3551
473 1064 514 1094 10

471 1427 511 1457 15

468 1793 510 1823 20

465 2574 507 2605 30

550 220 628 259 140
885 230 1159 259 SCRIPTORES
1192 230 1418 259 HISTORIAE
1451 231 1626 259 DANICAE
1659 231 1857 260 MINORES

546 346 691 394 nulla,
748 347 824 386 sed
878 345 1023 398 magis
1070 345 1309 397 opiniones
1358 349 1399 384 et
1445 346 1731 399 suspiciones
1777 346 2003 387 bellorum
2050 353 2190 401 erant,

544 432 661 458 vnus
707 418 890 458 illorum
938 417 1098 469 trium,
1150 418 1473 459 waldemarus
1520 418 1723 470 scilicet„
1764 418 1868 459 olim
1916 421 2000 460 deo
2047 421 2190 461 omni-

542 491 715 543 potenti
733 490 967 531 abbatiam
988 489 1300 531 Cisterciensis
1323 491 1497 531 ordinis
1520 491 1822 531 fundaturum
1841 505 1887 532 se
1906 493 2190 546 promiserat,

544 564 580 604 si
621 549 747 616 <sibi>
788 564 905 604 inter
952 564 1153 616 pericula
1200 563 1288 604 vite
1331 577 1410 604 sue
1457 564 1639 604 adiutor
1687 565 1904 605 existeret.
1968 567 2190 619 Tandem,

543 649 647 678 cum
674 650 751 676 rex
771 637 947 687 Sweno,
980 636 1200 677 insidiose
1232 637 1349 677 duos
1378 648 1503 689 reges
1522 637 1867 678 Waldemarum
1895 642 1937 678 et
1956 639 2190 680 Kanutum

542 709 748 750 occidere
774 709 945 760 volens,
978 722 1120 749 vnum
1150 709 1300 749 solum
1329 710 1563 750 Kanutum
1588 709 1843 762 occidisset,
1867 712 2191 752 Waldemarus

542 782 712 822 auxilio
755 782 827 822 dei
869 781 938 821 sui
978 781 1181 821 nominis
1219 781 1534 822 insidiatorem
1577 785 1617 822 et
1658 782 1773 834 regis
1808 783 1977 823 Kanuti
2019 797 2190 837 perem-

541 859 685 895 torem
719 854 915 906 generali
949 854 1068 894 bello
1103 859 1369 907 superatum
1403 854 1569 895 occidit
1602 858 1643 894 et
1675 854 1875 895 extinxit.

628 985 698 1024 IV.
761 985 1147 1038 Archiepiscopus
1188 990 1340 1025 autem
1383 984 1626 1033 Eschillus,
1674 985 1888 1025 abbatem
1938 986 2189 1027 Henricum

541 1057 796 1109 intelligens
822 1057 1051 1097 literatum
1076 1062 1117 1098 et
1139 1059 1384 1098 honestum
1410 1057 1560 1097 virum
1588 1070 1698 1109 esse,
1726 1057 1842 1098 sicut
1870 1059 2189 1112 syncerissime

540 1143 700 1170 omnes
743 1131 978 1182 religiosos
1020 1132 1269 1182 honorans,
1317 1143 1501 1170 summo
1548 1130 1700 1170 studio
1745 1143 1849 1170 eum
1892 1131 2189 1173 Waldemaro

539 1203 630 1255 regi
663 1203 1033 1254 commendabat,
1068 1216 1260 1243 monens
1293 1215 1347 1243 ac
1378 1203 1638 1253 consulens,
1671 1207 1718 1242 vt
1743 1203 1789 1242 in
1816 1203 2015 1255 abbatia,
2047 1218 2188 1258 quam

539 1288 585 1315 se
632 1289 710 1315 rex
756 1276 1058 1316 fundaturum
1107 1289 1204 1316 esse
1250 1276 1543 1329 promiserat,
1590 1276 1728 1316 talem
1775 1275 1926 1316 virum
1973 1277 2188 1318 abbatem

539 1348 845 1389 constitueret.
910 1349 1162 1402 Statimque
1194 1362 1285 1401 rex,
1333 1349 1454 1402 quod
1500 1352 1687 1389 voverat
1727 1349 1811 1388 deo
1854 1348 2042 1389 reddere
2075 1347 2189 1387 desi-

538 1422 716 1472 derans,
765 1421 920 1476 inultis
962 1422 1174 1474 precibus
1213 1422 1428 1462 abbatem
1471 1422 1525 1461 de
1568 1421 1657 1461 hoc
1696 1421 1792 1474 ipse
1831 1421 2023 1472 rogauit,
2069 1421 2188 1461 vnde

538 1494 913 1547 archiepiscopus
946 1494 1190 1535 consilium
1224 1495 1420 1535 dederat.
1471 1493 1680 1547 Cumque
1712 1494 1855 1534 abbas
1888 1493 1981 1545 regi
2010 1493 2188 1545 roganti

537 1567 668 1607 facile
701 1567 1020 1620 acquiesceret,
1061 1571 1214 1620 vtpote
1246 1580 1443 1620 querens
1476 1564 1563 1607 sibi
1595 1579 1648 1607 ac
1679 1566 1896 1606 fratribus
1929 1567 2098 1617 locum,
2141 1565 2188 1605 111

538 1653 628 1692 quo
683 1641 768 1680 deo
826 1640 1070 1689 seruirent,
1118 1653 1193 1680 rex
1242 1644 1397 1692 postea
1445 1639 1604 1693 paucis
1648 1639 1832 1688 diebus,
1881 1639 2032 1679 missis
2080 1638 2188 1679 viris

538 1713 594 1752 ad
626 1713 927 1763 Jutlandiam,
975 1713 1131 1753 onmia
1172 1713 1345 1766 optima
1386 1712 1543 1766 predia
1585 1712 1848 1765 patrimouij
1895 1712 1966 1752 sui
2010 1712 2187 1752 ostendi

537 1786 737 1839 precepit
783 1786 952 1833 abbati,
1002 1790 1045 1825 vt
1093 1799 1235 1826 vnum
1283 1799 1335 1826 ex
1378 1786 1480 1838 hijs,
1527 1786 1651 1838 quod
1700 1784 1989 1825 Cisterciensi
2037 1785 2186 1826 ordini

536 1858 680 1910 magis
714 1862 872 1911 aptum
906 1862 1034 1908 esset,
1067 1859 1125 1899 ad
1157 1858 1340 1899 abbatie
1373 1859 1568 1898 fundum
1598 1858 1790 1910 eligeret.
1839 1858 1992 1898 Abbas
2018 1861 2185 1909 autem,

536 1931 755 1971 omnibus
803 1931 972 1984 predijs
1018 1931 1255 1984 inspectis,
1311 1945 1398 1985 que
1453 1930 1492 1971 ei
1540 1935 1721 1971 ostensa
1769 1934 1895 1982 sunt,
1949 1930 2186 1982 diligenter

535 2004 692 2044 audito
732 2003 1067 2057 archiepiscopi
1111 2016 1164 2044 ac
1210 2004 1462 2044 multorum
1510 2003 1755 2044 hominum
1798 2003 2006 2054 consilio,
2052 2003 2185 2043 firma

535 2077 872 2117 deliberacione
904 2077 1162 2117 Viteschole
1196 2077 1405 2130 predium
1440 2076 1569 2116 duxit
1600 2075 1883 2128 eligendum3
1928 2075 2185 2116 confestim-

536 2162 623 2203 que
664 2149 858 2189 nuncios
899 2153 939 2189 et
979 2149 1130 2189 literas
1170 2150 1400 2190 Varnhem
1445 2149 1629 2189 mittens
1676 2162 1862 2190 omnem
1903 2153 2184 2189 conuentum

536 2235 671 2261 suum
714 2222 770 2261 ad
813 2222 965 2262 locum
1009 2235 1185 2262 nouum
1227 2221 1452 2271 inuitauit,
1501 2234 1638 2275 quem
1685 2222 1902 2263 dominus
1949 2221 1996 2261 in
2044 2221 2183 2261 Dacia

535 2294 598 2334 eis
631 2294 766 2334 dedit.

620 2424 668 2464 V.
747 2425 877 2464 Tunc
922 2425 1142 2477 temporis
1189 2425 1406 2466 dominus
1455 2426 1704 2477 Gerardus,
1763 2427 1993 2466 secundus
2039 2425 2183 2465 abbas

534 2497 747 2548 Aluastri,
796 2497 862 2536 vir
901 2497 1219 2537 sanctissimus
1258 2502 1298 2538 et
1337 2498 1383 2538 in
1424 2498 1513 2538 fide
1556 2498 1824 2550 catholicus,
1871 2511 2057 2551 presens
2090 2502 2183 2538 erat

534 2569 579 2609 in
612 2570 858 2610 Varnhem.
923 2570 1013 2621 Qui
1046 2573 1173 2622 pater
1204 2575 1402 2619 sanctus,
1445 2571 1592 2611 sciens
1625 2576 1907 2612 conuentum
1940 2571 2028 2612 1001
2060 2570 2182 2610 1111118

533 2642 677 2682 11111113
710 2643 830 2682 111313
865 2655 1148 2696 perpessum,
1192 2643 1327 2683 talem
1362 2643 1602 2684 licenciam
1636 2644 1772 2696 dedit,
1819 2648 1878 2694 vt,
1926 2644 2003 2697 qui
2035 2643 2181 2689 vellet,

620 2752 653 2787 2.
702 2752 799 2787 olim
847 2752 1009 2797 scripsi,
1057 2752 1125 2798 qvi
1167 2750 1319 2800 A(BL).
1412 2754 1445 2788 4.
1493 2753 1572 2788 sibi
1618 2751 1680 2802 (si)
1724 2753 1874 2789 addidi.
1967 2753 2001 2789 6.
2044 2754 2077 2788 v'
2108 2763 2184 2799 per

533 2807 891 2855 abbrenz‘ationem,
927 2809 947 2845 i.
977 2820 1006 2846 e.
1039 2820 1179 2854 vnum,
1211 2811 1311 2845 recle
1336 2811 1386 2854 Α;
1419 2810 1451 2845 &
1483 2811 1589 2846 male
1620 2810 1715 2857 leyit
1744 2811 1789 2854 B,
1821 2811 1928 2857 quod
1958 2810 2105 2856 recepit
2139 2810 2179 2845 L.

536 2866 567 2900 7.
602 2865 694 2902 nO—lS
725 2866 770 2910 A,
818 2867 838 2902 ι’.
872 2877 901 2903 e.
934 2867 1130 2909 nominiS,
1176 2867 1379 2913 quomodo
1419 2866 1458 2902 in
1497 2867 1667 2914 Vulyata
1709 2878 1813 2914 soepe
1852 2867 2001 2903 dicitur
2039 2867 2178 2903 delere

534 2933 686 2958 nomen
712 2923 891 2960 alicuius
917 2935 995 2970 pro
1019 2934 1075 2969 eo,
1109 2924 1216 2970 quod
1247 2925 1304 2959 est
1326 2924 1466 2960 delere
1491 2924 1685 2971 aliquem.
1769 2927 2078 2972 peremptorem
2099 2924 2178 2960 BL.

537 2979 595 3015 10.
629 2980 912 3017 sincerissime
946 2981 979 3016 Β
1009 2979 1107 3028 (non
1139 2979 1194 3028 L).
1261 2981 1318 3016 15,
1351 2981 1443 3027 ipse
1474 2982 1525 3027 A,
1558 2982 1652 3029 ipso
1684 2983 1765 3018 BL.
1856 2982 1976 3025 vnde,
2008 2981 2031 3018 i.
2065 2992 2093 3018 e.
2127 2981 2177 3018 de

532 3046 627 3082 quo.
704 3037 767 3073 20.
803 3038 884 3073 hiis
916 3038 967 3079 Α;
1016 3038 1079 3073 1118
1114 3038 1191 3076 BL.
1270 3038 1332 3074 26.
1374 3038 1571 3074 inuitauit
1608 3036 1785 3087 (inuitat)
1824 3038 1984 3085 scripsi3
2031 3038 2178 3074 invitat

533 3092 684 3142 MBL).
