2242 3551
452 233 687 262 EXORIssVM
721 233 999 263 MONASTERH
1033 234 1161 263 CARAE
1195 234 1368 263 INSVLAE
1660 225 1742 264 239

82 350 174 392 suis
205 352 485 402 presserunt,
533 352 581 388 ut
620 348 691 388 sui
731 347 939 401 corporis
980 347 1198 389 interiora
1231 352 1573 402 rumperentur,
1621 351 1742 390 unde

83 425 288 473 mortem,
322 420 438 461 sicut
470 420 566 474 ipse
599 420 766 473 retulit,
801 424 903 473 post
935 434 1110 474 paucos
1144 421 1241 462 dies
1274 420 1500 475 suscepit,
1545 422 1738 462 alterum

83 507 189 536 uero
216 506 510 545 conuersum,
546 494 869 533 Hermannum
898 493 1100 546 nomine,
1134 494 1467 547 spoliauerunt‚
1502 494 1592 534 sere
1616 496 1741 534 nudo

81 566 234 608 relicto
258 565 482 606 abierunt.
533 566 647 607 Cum
683 565 785 605 talis
819 578 977 606 rumor
1006 567 1061 606 ad
1097 578 1231 606 aures
1265 553 1476 619 (eorum),
1510 566 1588 619 qui
1614 566 1740 606 domi

83 641 278 689 suerunt,
328 638 599 690 perueniret,
647 642 850 691 quantus
883 639 1049 690 luctus,
1092 643 1264 692 quanta
1300 639 1567 679 lamentatio
1602 651 1743 692 quan·
1770 651 1788 679 5.

81 718 211 753 tusue
252 710 449 763 gemitus
491 710 718 762 omnium,
768 724 859 751 non
903 711 1051 752 solum
1089 723 1227 751 causa
1262 725 1413 752 rerum
1450 711 1743 757 amissarum,

83 786 157 826 sed
197 789 237 824 et
280 770 380 837 (ob)
425 797 729 837 personarum
771 784 1085 835 afflictionem,
1136 784 1289 824 uerbis
1338 797 1430 824 non
1480 788 1627 836 potest
1674 797 1743 823 ex-

83 857 239 911 plicari
273 856 445 910 paucis.
496 856 650 897 Nimia
684 857 806 897 enim
841 857 1054 897 omnium
1088 856 1373 910 perturbatio
1408 857 1503 897 fuit.
1555 857 1744 910 Propter

85 929 386 984 prolixitatem
432 929 710 970 narrationis
752 934 793 970 et
827 929 1063 970 fastidium
1100 929 1287 981 legentis
1321 942 1413 970 non
1449 934 1555 970 sunt
1587 929 1743 970 omnia

84 1002 342 1054 scribenda,
400 1016 488 1057 que
536 1003 671 1043 nobis
716 1003 792 1044 ille
840 1003 992 1043 bonus
1040 1002 1286 1055 episcopus
1334 1002 1485 1043 intulit
1533 1003 1741 1043 aduersa.

85 1077 190 1116 Post
236 1075 405 1116 exitum
456 1075 617 1129 prefati
665 1076 885 1117 monachi
929 1075 1119 1117 Beronis
1167 1076 1222 1116 de
1271 1075 1500 1127 ergastulo
1548 1076 1743 1115 carceris

83 1161 176 1190 non
224 1149 306 1189 suit
353 1148 535 1203 aliquis,
584 1162 732 1203 neque
780 1149 999 1189 secularis
1039 1161 1188 1202 neque
1231 1148 1504 1201 claustralis,
1552 1148 1589 1188 si
1637 1161 1740 1189 eum

84 1226 185 1262 ante
224 1226 429 1274 nouerat,
477 1222 557 1276 qui
598 1235 643 1262 se
683 1226 869 1275 propter
907 1221 1247 1262 deformitatem
1290 1234 1342 1261 ex
1382 1221 1534 1262 inedia
1569 1226 1610 1261 et
1643 1222 1742 1274 alijs

85 1295 293 1348 plurimis
332 1295 794 1335 incommoditatibus
836 1296 905 1335 sui
954 1294 1161 1348 corporis
1203 1299 1357 1348 posset
1395 1295 1450 1335 de
1492 1294 1599 1335 fletu
1640 1307 1744 1334 con-

85 1368 238 1408 tinere.

168 1441 359 1493 (XXXI.)
421 1442 522 1482 Non
558 1446 623 1482 est
655 1441 882 1481 obliuioni
915 1441 1206 1492 tradendum,
1254 1442 1380 1495 quod
1424 1444 1745 1494 procuratores

85 1513 285 1568 episcopi
304 1515 515 1555 Tukonis
540 1515 652 1555 falsa
681 1514 972 1568 suggestione
1004 1514 1176 1554 litteras
1205 1514 1393 1567 papales
1419 1513 1744 1567 acquisierunt,

86 1591 133 1627 ut
164 1587 285 1628 idem
319 1588 565 1641 episcopus
589 1588 772 1628 duobus
798 1592 998 1641 preesset
1024 1587 1285 1640 episcopijs,
1319 1586 1491 1627 scilicet
1508 1586 1744 1627 Arusiensi

86 1664 126 1700 et
150 1661 463 1702 Roskeldensi.
514 1661 569 1701 Et
598 1660 705 1714 quia
740 1660 914 1701 iudices
949 1660 1092 1701 nostri
1125 1660 1260 1700 nobis
1292 1673 1317 1700 a
1352 1659 1458 1700 sede
1491 1659 1743 1712 apostolica

87 1734 178 1787 dati
210 1734 411 1774 sub‘sua
437 1733 755 1775 iurisdictione
779 1733 1037 1785 extiterunt,
1071 1733 1233 1786 pocius
1259 1732 1347 1773 sibi
1371 1732 1483 1786 ipsis
1510 1732 1745 1773 audebant
1771 1742 1778 1753 ‘

88 1806 243 1847 oculos
275 1819 433 1848 eruere
466 1820 606 1860 quam
640 1806 775 1848 nobis
802 1806 944 1847 ullam
974 1806 1122 1847 facere
1148 1805 1393 1846 iusticiam.
1445 1806 1575 1846 Unde
1601 1805 1746 1845 littere

88 1883 238 1920 nostre
284 1879 330 1920 in
378 1880 504 1921 curia
554 1881 761 1921 Romana
810 1879 1029 1934 acquisite
1087 1878 1226 1920 nichil
1276 1879 1410 1919 nobis
1460 1878 1745 1931 prosuerunt.

90 1951 195 1992 Post
234 1953 547 1994 reuersionem
590 1953 929 1994 monachorum
970 1953 1026 1993 de
1061 1953 1204 1993 Roma
1246 1951 1455 1991 habitum
1502 1955 1566 1991 est
1612 1951 1746 1992 collo-

89 2024 247 2078 quium
281 2038 386 2066 cum
420 2026 637 2079 episcopo
671 2027 726 2066 ad
763 2025 1009 2066 consilium
1043 2025 1302 2065 amicorum
1338 2027 1624 2070 nostrorum,
1668 2024 1744 2064 ubi

89 2096 189 2137 talis
221 2099 476 2140 conuencio
510 2099 628 2140 facta
662 2098 759 2149 suit,
792 2102 841 2138 ut
872 2098 919 2138 in
955 2097 1346 2152 subsequentibus
1379 2096 1649 2136 ostenditur.

475 2271 530 2307 De
564 2271 855 2307 conuencione
888 2270 1077 2317 episcopi
1112 2273 1150 2305 et
1182 2269 1359 2305 abbatis.

179 2339 295 2418 »E.
335 2375 560 2428 Ripensis,
609 2376 660 2416 N.
696 2375 1006 2416 Sleswicensis
1040 2375 1259 2429 episcopi,
1307 2374 1527 2415 omnibus
1560 2386 1748 2427 presens

93 2447 311 2500 scriptum
346 2447 516 2488 uisuris
549 2448 622 2489 uel
654 2447 896 2496 audituris,
931 2448 1220 2501 presentibus
1254 2452 1296 2487 et
1329 2446 1507 2492 futuris,
1553 2447 1747 2486 salutem

93 2520 137 2559 in
184 2520 393 2560 omnium
440 2521 682 2561 saluatore.
747 2520 869 2561 Scire
917 2522 1136 2561 uolumus
1185 2525 1278 2560 tam
1327 2523 1560 2573 presentes
1608 2531 1747 2572 quam

94 2596 311 2645 posteros,
344 2594 482 2646 quod,
515 2593 650 2634 nobis
683 2593 983 2634 existentibus
1016 2593 1364 2641 mediator-ibim,
1408 2592 1475 2631 vir
1508 2591 1745 2643 religiosus

94 2664 240 2705 dictus
272 2665 431 2706 Thuro
474 2666 618 2706 abbas
659 2667 713 2706 de
749 2667 866 2706 Kara
903 2666 1057 2707 Insula
1092 2665 1303 2719 promisit
1337 2663 1589 2705 uenerabili
1626 2663 1749 2703 fratri

97 2741 249 2778 nostro
282 2738 473 2779 domino
504 2739 689 2779 Tukoni
716 2739 952 2779 Arusiensi
987 2739 1204 2792 episcopo
1239 2736 1602 2791 procurationes,
1635 2749 1750 2790 quas

96 2814 406 2851 antecessores
469 2812 538 2852 sui
594 2812 864 2852 Arusienses
922 2812 1128 2865 episcopi
1184 2812 1231 2851 in
1286 2810 1407 2850 dicto
1470 2808 1749 2849 monasterio

98 2882 349 2923 secundum
391 2884 696 2937 approbatam
745 2883 1127 2925 consuetudinem
1170 2884 1476 2924 dinoscuntur
1518 2881 1748 2921 habuisse.

183 2995 218 3030 4.
246 2994 434 3039 abbierfit
463 2992 526 3030 ΟΞ.
603 3005 750 3030 eorum
776 2994 925 3030 addidi.
992 2995 1024 3029 7.
1056 2994 1109 3029 ob
1135 2992 1226 3027 add.
1256 2990 1479 3037 Lanyebelc.
1548 2991 1606 3026 17,
1635 3000 1750 3035 suge-

99 3050 230 3086 stione
263 3050 325 3088 CS.
418 3052 680 3097 aquisierunt
715 3052 777 3087 C*
862 3053 924 3087 22.
959 3052 1137 3097 aquisite
1171 3047 1234 3085 Οἳ
1313 3050 1362 3084 27
1414 3049 1750 3094 F:.-÷13sgert1s;

101 3106 144 3142 N.
167 3122 210 3138 z
234 3109 432 3145 Nicotaus
465 3109 555 3153 (ll).

1772 1014 1812 1043 1⁴>

1774 2601 1792 2631 3
1797 2602 1815 2630 0
