2242 3551
436 986 478 1017 10

437 1347 478 1377 15

438 1709 481 1740 20

442 2069 484 2100 25

501 202 584 241 338
845 208 1119 238 semprers
1151 206 1379 236 ffls'romAE
1411 206 1588 235 DANICAE
1620 206 1820 235 M1N0REs

508 325 793 366 Guardianus
824 335 946 374 vero,
985 322 1121 362 frater
1154 320 1371 361 Nicolaus
1404 320 1550 373 Tybo,
1584 319 1864 372 Sallyngiam
1897 319 2155 359 elemosinas

504 396 775 448 corrogandi
821 395 971 447 gracia
1019 398 1169 447 petere
1216 394 1491 434 decreuerat.
1585 392 1701 433 Cum
1756 392 1839 432 iter
1885 391 2156 444 arripuisset

504 474 711 522 essetque
742 468 986 508 interuallo
1018 466 1154 506 vnius
1186 465 1244 505 ab
1276 466 1386 506 vrbe
1418 465 1642 516 milliaris,
1678 464 1891 516 nuncius,
1931 463 2151 504 nimirum

503 543 695 582 fratrum
742 540 958 591 famulus,
1004 538 1129 579 venit
1175 539 1233 578 ad
1282 551 1402 589 eum,
1448 537 1649 578 referens
1695 537 1843 577 eidem
1885 535 2155 577 huiusmodi

503 615 651 654 tristes
678 625 901 663 rumores,
927 615 1099 665 petens,
1132 614 1179 652 vt
1202 623 1341 665 quam
1367 610 1587 650 citissime
1619 610 1676 649 ad
1705 609 1950 650 cenobium
1975 608 2154 649 rediret.

503 686 593 736 Qui
626 684 844 736 euestigio
877 683 1125 724 cenobium
1158 687 1381 736 repetens,
1414 695 1599 723 cernere
1630 682 1716 722 fuit
1743 682 2030 722 introductos
2056 693 2155 731 eos;

503 759 671 812 quibus
706 761 748 798 et
778 756 918 797 victui
950 755 1206 797 necessaria
1240 755 1492 795 ministrari
1518 755 1709 795 curauit.
1759 754 2023 806 Ingrediens
2047 766 2156 794 vero

503 831 589 872 sub
622 829 817 883 prandio
850 828 1176 882 stipendiarius
1215 828 1404 881 quidam
1445 827 1844 881 guardianumque
1887 826 2154 878 aggrediens

503 916 607 944 eum
642 915 780 955 super
811 902 983 942 collum
1016 901 1168 953 gladio
1202 913 1286 940 suo
1319 899 1564 952 percussit3
1612 903 1652 939 et
1691 903 1849 952 postea
1886 899 1955 939 bis
1988 899 2158 939 iniuste

505 976 702 1016 eundem
743 974 1065 1026 guardianum,
1113 973 1255 1013 semel
1297 985 1401 1013 cum
1451 971 1690 1012 crucibulo
1738 971 1959 1012 cereuisia
2006 971 2157 1024 pleno,

505 1048 646 1088 semel
688 1059 872 1101 quoque
904 1046 1070 1098 gladio,
1103 1045 1276 1098 petiuit.
1340 1045 1522 1084 Fratres
1562 1057 1684 1096 vero,
1731 1044 1947 1097 deinceps
1988 1044 2160 1083 multas

504 1119 780 1174 perferentes
821 1119 1014 1159 iniurias
1055 1122 1095 1158 et
1135 1117 1385 1168 molestias,
1433 1129 1537 1157 cum
1586 1116 1801 1169 predictis
1847 1115 2159 1169 stipendiariis

504 1193 551 1233 in
574 1191 768 1233 cenobio
791 1194 1157 1244 permanserunt.
1207 1190 1356 1230 Semel
1377 1202 1484 1229 vero
1508 1189 1687 1240 accidit,
1719 1189 1837 1229 duos
1866 1201 1919 1229 ex
1942 1188 2160 1242 predictis

505 1265 619 1305 velle
673 1263 824 1304 socios
881 1276 989 1303 suos
1043 1263 1090 1303 in
1139 1262 1474 1314 Hostenborgia
1522 1265 1756 1302 morantes
1802 1261 2021 1311 inuisere;
2077 1261 2158 1315 qui

506 1340 751 1389 exegerunt
790 1349 816 1376 a
857 1335 1112 1387 guardiano
1153 1334 1333 1375 cenobii
1373 1346 1573 1374 currum.
1638 1334 1741 1384 Quo
1781 1338 2025 1385 asserente,
2055 1331 2076 1388 m
2110 1334 2157 1374 id

505 1409 603 1450 fieri
635 1420 930 1462 nequaquam
964 1420 1113 1461 posse,
1161 1407 1331 1460 quippe
1370 1406 1449 1461 qui
1481 1406 1713 1447 frumenta
1745 1406 1801 1446 ad
1836 1406 2155 1447 molendinum

507 1485 624 1522 esset
655 1481 914 1534 frequenter
944 1483 1179 1521 vecturus:
1214 1479 1435 1520 conduxit
1465 1465 1602 1531 igitur
1633 1464 1784 1531 (alter)
1817 1491 2001 1519 currum
2035 1479 2160 1529 illuc,

507 1553 761 1606 guardiano
814 1553 869 1593 de
925 1552 1102 1605 cenobij
1152 1551 1415 1593 elemosinis
1462 1552 1668 1605 precium
1716 1551 1935 1592 soluente.
2019 1554 2159 1592 Porro

508 1639 613 1667 cum
657 1638 868 1666 reuersus
906 1629 1036 1676 esset,
1083 1624 1261 1677 exigere
1302 1624 1421 1677 cepit
1458 1637 1483 1664 a
1525 1624 1779 1676 guardiano
1825 1627 1891 1664 tot
1931 1624 2161 1675 denarios,

508 1702 619 1753 quot
651 1711 874 1751 expensas
906 1697 1081 1738 itineris
1113 1697 1297 1738 interim
1331 1696 1556 1746 soluisset⁷
1603 1697 1675 1738 vel
1713 1700 1825 1750 quot
1855 1696 2160 1749 expendisset,

508 1772 545 1811 si
577 1770 704 1811 domi
735 1769 1051 1820 remansisset;
1098 1773 1140 1810 et
1177 1769 1393 1823 quamuis
1434 1769 1717 1821 guardianus
1754 1768 1799 1808 id
1840 1768 2033 1808 libenter
2063 1782 2156 1809 non

507 1843 626 1895 fecit,
673 1846 859 1883 coactus
897 1848 1052 1882 tamen
1090 1842 1289 1895 denique
1320 1841 1405 1881 fuit
1437 1841 1687 1892 exsoluere,
1733 1844 1960 1895 quotquot
1990 1841 2160 1881 habere

507 1915 687 1956 vellent.
765 1915 981 1955 Excreuit
1024 1915 1213 1955 tandem
1259 1927 1481 1954 numerus
1529 1913 1936 1966 stipendiariorum
1982 1913 2039 1954 ad
2086 1926 2159 1964 xv,

509 1987 686 2040 cenobij
722 1987 866 2027 nostri
900 1987 1177 2028 elemosinas
1210 1990 1673 2040 consumpturorum3
1721 1985 1799 2040 qui
1836 1985 1897 2025 ita
1931 1985 2163 2038 superflue

511 2059 667 2101 omnia
699 2059 872 2100 cibaria
905 2064 1158 2113 potumque
1191 2062 1594 2112 consumpserunt,
1626 2062 1672 2099 vt
1703 2058 1768 2098 nil
1800 2071 1987 2111 prorsus
2013 2070 2162 2111 neque

508 2132 598 2173 cibi
638 2145 787 2185 neque
828 2136 963 2185 potus
1001 2131 1048 2171 in
1091 2131 1285 2171 cenobio
1325 2134 1595 2184 superesset.
1659 2130 1823 2172 Statuit
1859 2130 1997 2182 igitur
2033 2141 2162 2182 guar—

509 2205 688 2256 dianus,
736 2204 874 2244 alicui
908 2204 1118 2244 clauibus
1150 2203 1393 2255 assignatis
1425 2203 1708 2256 monasterij,
1753 2203 1873 2254 regie
1910 2202 2163 2242 maiestatis

509 2276 633 2316 adire
675 2276 966 2330 presentiam,
1012 2276 1231 2316 iniuriam
1273 2275 1360 2315 sibi
1407 2279 1449 2316 et
1494 2275 1711 2316 fratribus
1757 2275 1924 2315 factam
1965 2287 2162 2327 conque-

598 2440 630 2474 1.
674 2434 813 2479 [mas
860 2441 949 2484 (pro
995 2439 1443 2483 eitaszelemosinas>
1480 2439 1552 2485 W;
1599 2439 1730 2484 suppl.
1777 2438 1869 2482 BC3
1915 2437 2006 2473 item
2055 2448 2087 2473 v.
2132 2436 2159 2471 2

511 2491 797 2542 (a)rripuisse't.
874 2497 909 2533 6.
945 2497 1309 2542 Qui..repetens:
1352 2496 1637 2531 nominutiuus
1669 2495 1887 2539 absolutus,
1924 2505 2001 2540 pro
2033 2495 2158 2530 Cui..

510 2554 726 2599 repetenti.
793 2555 855 2589 15.
884 2555 977 2599 post
1007 2557 1231 2597 asserente,
1265 2553 1305 2588 in
1338 2563 1417 2598 quo
1448 2552 1565 2588 verbo
1595 2552 1666 2598 sol.
1687 2552 1729 2587 4¹²
1754 2552 1901 2588 codicis
1925 2553 1977 2587 W
2002 2551 2159 2592 desinit,

511 2610 552 2645 in
591 2610 667 2645 Iioc
706 2611 839 2646 codice
877 2611 1025 2646 lacuna
1063 2613 1130 2656 est,
1178 2611 1225 2646 de
1264 2621 1344 2656 qua
1376 2610 1511 2645 Arnas
1551 2610 1592 2645 in
1627 2609 1661 2645 C
1700 2610 1886 2656 margine
1926 2608 2012 2644 Iioec
2049 2608 2160 2644 dicit:

511 2667 604 2702 heic
651 2678 764 2703 nunc
811 2669 963 2703 desunt
1010 2669 1058 2703 .2.
1103 2667 1201 2702 folia
1250 2668 1291 2702 in
1339 2667 1496 2711 codice,
1542 2678 1636 2713 quae
1683 2667 1782 2702 olim
1831 2667 2018 2710 aderant,
2063 2676 2157 2701 cum

511 2724 697 2760 codicem
733 2725 849 2771 Ripis
882 2736 1108 2760 versarem.
1170 2724 1286 2770 Infra
1325 2724 1488 2759 demum
1532 2724 1571 2759 in
1601 2735 1641 2769 p.
1678 2723 1837 2769 340,15
1870 2724 1921 2758 W
1953 2723 2072 2767 redit;
2118 2722 2158 2757 in

512 2781 653 2816 mediis
686 2781 875 2817 omnibus
907 2781 979 2817 BC
1013 2781 1174 2817 testibus
1207 2781 1401 2816 utendum
1433 2783 1498 2817 est.
1577 2781 1637 2816 16.
1673 2784 1814 2826 posset
1846 2780 1930 2823 BC,
1960 2780 2028 2815 sed
2059 2789 2156 2815 corr.

513 2837 554 2872 in
587 2837 630 2873 C.
710 2839 771 2874 17.
810 2839 915 2874 alter
960 2839 1184 2874 necessario
1230 2838 1464 2873 addendum
1512 2848 1594 2873 esse
1631 2839 1811 2883 apparet,
1859 2847 1950 2872 cum
1991 2837 2039 2872 de
2080 2845 2158 2871 uno

513 2896 669 2929 tantum
720 2895 760 2930 in
808 2906 912 2941 seqq.
956 2898 1114 2942 agutur.
1191 2895 1254 2930 22.
1295 2895 1514 2931 exsoluere
1556 2895 1639 2938 BC,
1685 2894 1753 2930 sed
1800 2894 1840 2929 in
1879 2894 1912 2930 C
1955 2896 2094 2939 postea
2138 2903 2156 2927 s

512 2950 656 2986 deleuit
671 2952 816 2987 Arnas.
878 2953 941 2988 23.
974 2953 1128 2988 vellent
1153 2952 1245 2999 1303
1279 2952 1573 2997 expectandum
1605 2955 1692 2986 erat
1722 2951 1857 2994 vellet,
1888 2951 1957 2986 sed
1984 2949 2157 2996 pluralts

512 3018 706 3043 numerus
740 3008 912 3053 fortasse
951 3009 1166 3055 siqnificat,
1213 3008 1469 3054 stipendiarii
1506 3008 1692 3055 proedicti
1730 3008 1857 3043 socios
1885 3008 2158 3054 postulantem

513 3074 604 3098 eum
637 3065 854 3101 adiuuisse.
916 3067 981 3102 26.
1014 3067 1141 3112 igitur
1173 3065 1262 3111 BC;
1294 3074 1392 3111 ergo
1427 3066 1470 3102 K.
