2242 3551
463 962 502 991 10

463 1321 502 1350 15

529 179 582 217 36
868 185 1142 215 SCRIPTORES
1176 186 1401 215 msTomAE
1434 184 1610 215 DANICAE
1642 185 1840 214 MINORES

531 302 699 357 thuid
739 300 1132 342 irrationabilibus
1171 300 1353 341 fletibus
1393 304 1435 340 et
1472 300 1685 354 precibus
1728 298 1927 350 affligitis
1967 298 2169 338 animam

530 376 710 415 meam?
754 378 831 414 aut
874 373 1100 427 numquid
1133 373 1414 414 voluntatem
1448 385 1598 413 meam
1632 376 1673 411 et
1706 384 1797 411 non
1831 370 1983 424 potius
2015 370 2172 411 volun-

528 451 666 487 tatem
706 446 792 497 dei,
839 446 912 486 cui
951 458 1111 486 omnes
1150 446 1464 498 obtemperare
1505 445 1740 495 debemus,
1788 455 1953 496 sequor
1998 442 2043 482 in
2085 443 2172 482 hoc

529 519 769 571 negocio?«
836 518 977 558 Erant
1015 522 1168 558 autem
1210 517 1356 570 posita
1399 529 1553 558 coram
1598 529 1649 556 eo
1689 515 1955 556 vestimenta
1991 518 2033 554 et
2064 526 2170 554 vasa

530 604 656 632 sacra
704 594 941 645 ceteraque
988 590 1199 630 utensilia
1246 591 1302 630 ad
1350 589 1655 629 ministerium
1703 588 1849 628 diuini
1896 586 2032 639 officij
2080 599 2173 639 per-

530 664 731 714 tinentia,
778 676 865 717 que
903 662 1041 716 ijdem
1084 663 1256 714 fratres,
1303 662 1380 716 qui
1427 661 1632 701 mittendi
1675 663 1815 711 erant,
1863 672 2016 699 secum
2058 659 2172 698 ferre

529 736 768 777 debebant.
852 735 1019 776 Volens
1073 735 1225 788 itaque
1281 738 1427 775 certos
1480 746 1556 773 eos
1610 733 1818 783 reddere,
1880 731 2100 785 quoniam
2147 744 2171 771 a

529 809 717 849 domino
757 819 964 860 egressus
1008 812 1123 848 esset
1155 819 1319 859 sermo,
1366 805 1564 846 eleuauit
1603 805 1789 858 peluim,
1837 817 1924 857 que
1968 804 2023 843 ad
2063 803 2173 843 reci-

530 882 744 934 piendam
778 893 947 934 aquam
981 880 1229 920 sacerdotis
1263 878 1478 919 manibus
1509 877 1792 917 fundendam
1826 877 2041 929 deputata
2067 880 2173 923 erat,

530 958 571 994 et
602 953 793 1005 digitum
828 952 971 993 fundo
1004 952 1101 992 eius
1133 951 1403 1005 imprimens
1435 950 1566 990 dixit:
1614 949 1775 989 »Eccel
1811 950 1899 989 hoc
1932 948 2060 989 vobis
2093 948 2174 987 erit

529 1026 725 1078 signum,
772 1026 895 1079 quod
936 1024 1121 1078 spiritus
1160 1023 1335 1064 domini
1377 1022 1548 1063 miserit
1588 1035 1707 1062 vos«
1775 1021 1942 1061 Mirum
1982 1033 2087 1061 vero
2128 1020 2173 1060 in

530 1098 720 1138 modum
773 1098 894 1149 rigor
954 1101 995 1137 et
1047 1096 1356 1136 inflexibilitas
1418 1095 1505 1134 eris
1557 1094 1850 1134 teneritudini
1904 1093 2029 1143 digiti
2085 1092 2175 1132 eius

529 1172 718 1210 cessisse
759 1170 855 1211 visa
902 1173 980 1220 est,
1027 1169 1141 1209 adeo
1184 1173 1246 1219 ut,
1293 1168 1424 1208 cuius
1470 1166 1737 1220 quantitatis
1785 1178 1910 1206 sacer
1955 1165 2174 1205 articulus

530 1243 676 1293 fuerit,
724 1256 868 1296 usque
909 1241 1044 1281 hodie
1084 1241 1259 1294 liquido
1291 1241 1438 1280 valeat
1469 1239 1687 1290 dignosci.
1751 1238 1986 1289 Quantum
2021 1241 2171 1277 autem

530 1315 652 1355 intus
685 1315 888 1366 cessisse,
920 1317 1098 1354 tantum
1132 1313 1240 1353 foris
1273 1305 1563 1366 equalitatem
1598 1311 1842 1351 excessisse
1874 1311 2064 1352 videtur.
2125 1310 2173 1350 In

530 1387 845 1427 testimonium
892 1385 1004 1426 enim
1052 1386 1164 1426 tanti
1206 1384 1412 1425 miraculi
1459 1384 1618 1424 eadem
1659 1383 1805 1437 peluis
1845 1384 1891 1423 in
1935 1382 2175 1423 secretario

530 1461 718 1510 domus,
779 1472 918 1512 quam
965 1463 1077 1498 tunc
1122 1461 1248 1511 pater
1295 1460 1479 1497 sanctus
1526 1456 1778 1507 ordinauit,
1840 1468 2022 1496 summa
2071 1466 2174 1495 cum

530 1532 783 1572 reuerentia
833 1535 1054 1572 seruatur.
1146 1531 1287 1570 Porro
1353 1528 1542 1581 predicti
1582 1528 1762 1579 fratres,
1823 1527 2026 1568 videntes
2083 1540 2177 1580 per-

531 1605 739 1657 spicuam
792 1603 948 1644 diuine
1001 1602 1140 1654 gratie
1194 1601 1470 1655 presentiam
1517 1602 1697 1650 adesse,
1759 1600 1969 1640 stimulos
2025 1599 2176 1639 edacis

461 1686 468 1696 ⁴
530 1677 715 1716 tristicie
754 1676 1053 1729 reprimentes
1091 1674 1238 1725 gauisi
1278 1678 1404 1724 sunt,
1451 1678 1492 1714 et
1530 1673 1633 1713 licet
1670 1673 2002 1713 remotissimas
2046 1676 2087 1711 et
2131 1672 2176 1712 in

532 1749 692 1788 ultimo
726 1748 905 1788 climate
938 1747 1220 1800 aquilonaris
1254 1746 1415 1786 brume
1447 1746 1682 1786 abstrusas
1714 1745 1921 1785 nationes
1956 1757 2045 1784 non
2081 1744 2177 1784 sine

532 1822 733 1874 quodam
767 1821 954 1860 horrore
987 1819 1172 1872 spiritus
1205 1818 1330 1859 adire
1360 1822 1559 1871 possent,
1591 1821 1743 1858 tamen
1769 1817 1958 1857 eandem
1985 1817 2175 1867 gratiam

531 1894 616 1941 dei,
664 1893 835 1932 meritis
876 1896 918 1932 et
955 1891 1167 1944 precibus
1207 1891 1351 1930 sancti
1384 1890 1524 1943 patris
1558 1890 1627 1930 sui
1660 1889 2084 1940 interuenientibus,
2132 1901 2177 1928 se

532 1965 851 2005 comitaturam
886 1963 1223 2017 presumebant.
1283 1962 1390 2003 Erat
1425 1975 1527 2002 vero
1560 1962 1676 2002 inter
1708 1965 1879 2002 ceteros
1911 1962 2177 2001 adolescens

464 2047 472 2058 ‘
534 2038 722 2091 quidam
779 2038 897 2077 bone
951 2035 1119 2076 indolis
1166 2038 1207 2074 et
1254 2035 1517 2075 columbine
1565 2034 1889 2087 simplicitatis,
1951 2033 2178 2073 Gerardus

533 2110 732 2159 nomine,
779 2109 857 2162 qui
896 2107 1209 2161 impatientius
1250 2106 1350 2159 alijs
1394 2107 1553 2147 dolens
1593 2119 1699 2147 cum
1732 2105 1946 2159 lacrymis
1979 2105 2090 2145 dixit
2122 2106 2177 2145 ad

534 2182 680 2222 virum
731 2181 819 2221 dei:
887 2180 1178 2220 »Beatissime
1234 2183 1379 2232 pater,
1442 2190 1522 2231 ego
1577 2178 1848 2219 miserabilis
1905 2178 2177 2218 iuuenculus

621 2298 741 2334 2—3.
791 2297 869 2333 vol.
915 2297 1074 2332 domini
1123 2297 1168 2332 H.
1246 2297 1281 2332 4.
1327 2306 1469 2331 coram
1516 2306 1565 2331 eo
1612 2296 1747 2342 posita
1791 2296 1833 2331 Α.
1910 2295 2031 2330 4-5.
2080 2306 2176 2330 vasa

534 2360 676 2391 sancta
711 2355 757 2390 H.
819 2355 854 2390 5.
886 2354 1019 2390 diuini
1052 2354 1191 2400 operis
1221 2354 1266 2389 H.
1329 2354 1362 2388 6.
1396 2353 1504 2388 idem
1533 2353 1579 2388 H.
1644 2353 1678 2389 7.
1712 2363 1783 2388 eos
1816 2362 1891 2388 om.
1926 2351 1953 2387 S
1984 2351 2083 2400 (non
2116 2350 2176 2399 H).

533 2413 734 2459 quoniam
754 2412 848 2455 MA,
871 2411 1087 2458 quomodo
1106 2411 1151 2446 H.
1215 2412 1283 2445 7-—
1300 2412 1334 2445 8.
1361 2421 1381 2444 a
1400 2411 1509 2445 dom.
1528 2419 1608 2455 egr.
1627 2420 1657 2446 e.
1677 2420 1834 2445 sermo:
1865 2409 1958 2448 Gen,
1978 2407 2041 2453 24,
2057 2409 2110 2444 50
2126 2408 2174 2444 al.

537 2470 598 2505 10.
631 2469 871 2515 deprimens
904 2468 950 2505 H.
1014 2468 1075 2504 11.
1109 2478 1207 2503 vero
1240 2477 1316 2503 om.
1350 2468 1393 2502 Α,
1457 2467 1517 2502 12.
1551 2467 1640 2502 eius
1672 2468 1722 2510 A,
1759 2477 1836 2501 om.
1872 2466 1963 2501 MH.
2027 2465 2088 2502 13.
2121 2466 2174 2501 ita

468 2540 474 2543 ⁴
536 2530 579 2562 ut
618 2527 664 2562 H.
754 2525 956 2561 articulus
994 2535 1112 2560 sacer
1153 2525 1199 2561 Η.
1283 2525 1341 2559 14.
1385 2524 1508 2559 fuerit
1549 2524 1640 2568 AH,
1689 2524 1764 2559 fuit
1812 2523 1862 2559 M.
1952 2522 2087 2559 valeat
2125 2524 2176 2567 A,

534 2583 641 2619 valet
675 2583 768 2619 MH.
853 2582 1014 2618 dinosci
1050 2583 1100 2618 M.
1181 2585 1317 2616 autem
1351 2591 1428 2616 om.
1463 2580 1502 2616 S.
1584 2582 1643 2617 15.
1678 2583 1784 2616 intra
1818 2579 1885 2615 HS
1916 2578 1973 2628 (in
2008 2579 2042 2615 H
2075 2590 2174 2615 corr.

534 2651 583 2675 ex
603 2639 671 2688 in).
733 2651 809 2686 pro
832 2639 1059 2675 excessisse
1087 2639 1119 2673 H
1145 2639 1185 2673 in
1210 2649 1338 2683 marg).
1362 2639 1574 2683 excepisse
1585 2636 1633 2686 (1).
1700 2639 1759 2673 16.
1783 2637 1892 2673 enim
1910 2637 1961 2681 A,
1987 2647 2065 2672 om.
2086 2637 2176 2672 MH.

538 2698 597 2734 17.
631 2700 800 2732 sanctus
833 2700 951 2743 pater
983 2696 1029 2732 H.
1109 2696 1169 2731 18.
1210 2696 1358 2731 fratres
1391 2695 1484 2738 AM,
1530 2695 1739 2741 sapientes
1774 2694 1819 2730 H.
1909 2693 2175 2740 perspicuam

535 2754 631 2798 AM,
672 2765 745 2800 per
777 2752 1037 2799 spiritualem
1072 2753 1118 2796 H,
1150 2753 1218 2787 sed
1250 2763 1325 2798 per
1352 2753 1489 2796 postea
1521 2754 1578 2787 est
1607 2752 1804 2798 deletum,
1843 2750 2103 2796 spiritualem
2137 2750 2176 2785 S.

536 2812 599 2847 21.
635 2810 812 2857 clymate
846 2811 890 2845 H.
966 2810 1182 2845 abstrusas
1215 2809 1348 2843 Arnas
1379 2818 1428 2843 ex
1457 2808 1508 2853 A,
1557 2808 1775 2844 obstrusas
1808 2807 1860 2851 C;
1900 2807 2095 2843 obtrusas
2130 2807 2175 2842 H.

536 2869 599 2904 22.
635 2869 901 2914 potuisse(n)t
918 2867 966 2906 H,
1029 2866 1206 2902 22—23.
1232 2866 1406 2911 gratiam
1433 2865 1604 2908 domini,
1637 2865 1805 2901 monitis
1824 2864 1871 2899 H.
1934 2864 1996 2900 23.
2025 2864 2087 2899 sui
2119 2864 2176 2908 M,

537 2925 623 2960 suis
672 2925 726 2967 H,
774 2924 904 2960 nostri
951 2924 993 2960 A.
1063 2923 1125 2959 24.
1173 2922 1529 2969 praesummebant
1572 2922 1625 2966 H,
1673 2923 1739 2968 pia
1783 2921 2034 2956 confidentia
2077 2932 2176 2967 prae-

536 2983 757 3017 sumebant
774 2981 818 3019 A.
882 2981 944 3016 25.
971 2981 1078 3016 bone
1098 2980 1196 3024 MH,
1228 2980 1401 3014 honeste
1419 2980 1461 3014 Α.
1537 2979 1777 3014 Gerhardus
1803 2977 1928 3012 codex
1943 2976 2173 3013 Brandenb.

538 3039 601 3077 26,
636 3038 863 3084 lachrymis
896 3038 934 3073 S.
996 3038 1058 3072 27.
1092 3038 1226 3073 virum
1260 3036 1417 3071 domini
1454 3036 1499 3071 H.
