2242 3551
438 1005 478 1035 10

434 1525 475 1555 15

429 1886 473 1917 20

511 223 593 262 458
856 229 1132 259 scmPTOREs
1165 228 1393 257 HISTORIAE
1426 228 1604 256 DANICAE
1635 228 1836 257 MINORES

511 345 732 386 memorie
755 348 1044 398 posterorum
1069 342 1206 394 digna
1232 343 1367 382 laude
1391 343 1693 394 traderentur,
1720 342 1847 394 mihi,
1881 355 2167 396 quamquam

510 418 655 458 inscio
704 422 746 457 et
792 416 975 469 elingui,
1023 415 1320 468 precipiendo
1368 416 1695 455 commendare
1743 415 1970 467 uoluistis,
2020 419 2070 455 ut
2115 428 2166 455 ea

510 491 611 530 stilo
659 492 896 540 exarante,
953 491 1090 541 prout
1146 487 1409 539 diligentius
1463 500 1663 540 possem,
1711 487 2001 540 explicarem.
2081 487 2167 528 Sed

510 561 696 602 materie
737 561 970 614 quantitas
1012 573 1092 600 sua
1132 560 1452 611 magnitudine
1489 573 1542 601 ac
1574 560 1792 613 dignitate
1825 559 2044 612 ingenioli
2078 560 2168 600 mei

509 634 783 687 paruitatem
808 633 1005 682 excedit3
1039 646 1127 686 que
1150 645 1306 685 nempe
1327 633 1581 686 peritorum
1607 632 1757 673 studia
1781 632 1938 673 uincit.
1977 633 2167 673 Verum-

507 711 660 746 tamen
694 705 945 758 aggrediar,
994 705 1133 745 fretus
1174 705 1445 746 auctoritate
1500 705 1807 758 precipientis,
1853 705 1960 758 quia
2002 716 2167 757 negare

508 792 600 819 non
634 778 797 830 audeo,
837 778 1059 832 quicquid
1092 778 1274 818 dilectio
1308 782 1461 819 uestra
1495 778 1761 831 preceperit,
1809 778 1898 818 hac
1936 777 2164 831 siquidem

507 851 780 892 condicione
826 851 1073 904 preposita,
1120 854 1170 891 ut
1217 864 1430 891 meorum
1479 851 1742 891 emulorum
1789 850 2024 890 morsibus
2071 863 2165 891 non

507 937 710 976 exponar
747 923 1046 974 incorrectus,
1091 927 1145 975 et,
1195 923 1416 977 quicquid
1464 923 1827 976 incompositum
1876 923 1949 963 uel
1995 923 2165 963 inordi-

506 1000 665 1036 natum
706 1009 874 1036 manus
905 995 1111 1036 rodentis
1143 996 1385 1047 inuenerit,
1432 1009 1527 1036 non
1569 995 1907 1049 presumptioni
1948 1008 2047 1036 mee
2085 996 2164 1036 sed

506 1073 718 1121 precepto
752 1068 1018 1109 mandantis
1050 1068 1315 1121 imputetur.

1172 1262 1503 1304 PROLOGVS.

598 1335 924 1423 Superfluum
957 1382 1060 1410 reor
1091 1382 1324 1409 nouarum
1349 1383 1505 1410 rerum
1531 1373 1723 1410 euentus
1751 1370 1926 1410 inculto
1949 1382 2162 1411 sermone

503 1443 760 1496 depingere,
809 1455 914 1482 cum
959 1443 1049 1482 sint
1092 1442 1352 1494 innumera,
1400 1442 1736 1496 licet‘quadam
1773 1442 2018 1483 uideantur
2051 1442 2163 1482 anti—

502 1516 674 1570 quitate
706 1519 900 1566 uetusta,
943 1528 1045 1569 que,
1089 1515 1201 1555 dum
1234 1519 1392 1556 nostro
1424 1514 1674 1555 recitantur
1706 1514 1898 1564 auditui,
1931 1519 2161 1555 recentem

503 1601 683 1641 semper
742 1587 958 1639 ingerunt
1019 1591 1173 1627 nostre
1229 1587 1451 1628 memorie
1512 1587 1805 1627 dulcisonam
1868 1587 2161 1640 suauitatem,

502 1660 739 1713 presertim
772 1673 878 1700 cum
913 1660 1096 1701 illarum
1131 1673 1287 1700 rerum
1321 1660 1525 1711 materia,
1559 1661 1816 1700 secundum
1845 1672 1925 1700 sue
1951 1659 2160 1700 differen-

500 1732 611 1772 tiam
645 1732 893 1786 qualitatis,
926 1733 1001 1773 uel
1034 1732 1090 1772 sit
1122 1732 1395 1773 admiranda
1430 1745 1513 1786 pro
1546 1732 1773 1773 miraculo
1806 1732 1880 1773 uel
1909 1745 1992 1785 pro
2018 1732 2161 1784 digni-

500 1810 589 1845 tate
620 1805 876 1846 iustissima
908 1805 1085 1846 ratione
1118 1806 1397 1857 ueneranda,
1443 1809 1492 1845 ut
1530 1809 1663 1845 uetus
1704 1818 1975 1858 nouumque
2007 1805 2161 1845 Testa-

501 1882 723 1930 mentum,
748 1878 821 1918 uel
847 1878 984 1918 etiam
1012 1878 1071 1918 ob
1090 1877 1304 1918 decorem
1332 1877 1578 1918 ornatioris
1604 1877 1862 1931 eloquentie
1886 1878 2158 1930 affectanda,

501 1951 642 1990 ueluti
689 1950 1080 2004 philosophorum
1127 1954 1462 2003 poetarumque
1509 1950 1697 2003 opinata
1744 1954 2020 1991 commenta.
2107 1950 2158 1990 In

586 2060 622 2096 3.
663 2060 759 2096 stilo
798 2060 884 2106 fere
924 2070 1086 2106 semper
1114 2060 1210 2105 MA3
1258 2060 1367 2106 stylo
1406 2059 1472 2095 hic
1512 2062 1550 2095 et
1585 2059 1733 2106 saepias
1767 2060 1805 2096 S.
1884 2061 1920 2096 4.
1957 2060 2157 2106 ingenioli

500 2118 592 2162 mei,
638 2117 710 2163 cfr.
751 2117 829 2154 Vol.
861 2116 889 2154 I.
929 2128 967 2163 p.
1003 2117 1095 2161 122,
1121 2117 1156 2153 5.
1240 2118 1276 2153 5.
1323 2121 1427 2164 nepe
1473 2116 1741 2163 archetypam
1788 2116 1978 2153 habuisse
2022 2117 2157 2162 credo;

500 2185 583 2210 non
618 2173 708 2210 M1S
740 2176 881 2210 contra
913 2185 1100 2218 sensam3
1134 2174 1176 2212 in
1208 2185 1340 2221 mary.
1372 2176 1574 2210 corrector
1601 2173 1663 2222 (at
1693 2174 1785 2220 vid„
1818 2173 1854 2210 J.
1882 2172 2157 2222 Kirchmann)

497 2232 788 2268 adnotaaerat:
837 2231 945 2268 forte
987 2232 1140 2267 etiam
1179 2231 1390 2278 (at‘habet
1421 2230 1480 2280 K),
1525 2232 1595 2267 sed
1628 2233 1769 2277 postea
1811 2230 1862 2267 ab
1895 2230 1956 2267 Μ2
1993 2231 2157 2276 (editore

498 2288 540 2324 Β.
570 2289 608 2324 C.
633 2287 697 2337 K.)
728 2291 765 2324 et
795 2299 880 2324 non
912 2291 949 2325 et
978 2288 1086 2324 forte
1119 2289 1245 2324 deleta
1277 2291 1393 2337 sant3
1434 2289 1475 2324 in
1509 2289 1543 2324 Α
1575 2289 1740 2335 leqitar:
1787 2300 1883 2335 quae
1916 2299 2000 2325 non
2033 2288 2152 2333 forte,

499 2346 622 2381 etiam
670 2347 916 2392 peritorum.
1019 2349 1295 2382 veruntamen
1340 2346 1489 2392 saepius
1535 2346 1646 2382 codd.
1725 2346 1760 2382 6.
1791 2346 1924 2382 fretus
1970 2345 2008 2382 11.
2050 2346 2073 2382 l.
2106 2361 2149 2377 =

496 2407 747 2440 commotus.
839 2403 1122 2439 aucthoritate
1155 2403 1195 2447 S,
1244 2406 1282 2439 et
1319 2403 1490 2439 omnino
1517 2403 1559 2439 in
1598 2402 1747 2439 horam
1783 2402 2010 2448 verboram,
2057 2413 2092 2449 q.
2124 2413 2152 2439 s.

498 2461 730 2505 au(e)tgh)or
782 2463 819 2496 et
870 2461 1119 2506 auctoritas,
1174 2459 1483 2496 scribendorum
1536 2460 1695 2496 ratione
1747 2460 1912 2496 licenter
1956 2459 2149 2496 variatur.

500 2518 533 2553 7.
566 2518 775 2563 siquidem
804 2517 1054 2563 particulam
1087 2517 1235 2563 saepias
1275 2518 1436 2554 insolito
1468 2517 1589 2553 modo
1622 2519 1766 2553 auctor
1794 2519 1933 2553 noster
1962 2518 2152 2562 usurpat,-

495 2573 533 2610 11.
565 2574 585 2609 l.
619 2575 779 2610 scilicet
808 2574 1042 2621 siqnificare
1074 2574 1241 2619 videtur,
1292 2577 1335 2610 at
1360 2585 1400 2621 p.
1433 2574 1525 2619 459,
1552 2575 1617 2617 10,·
1657 2574 1748 2620 461,
1768 2574 1840 2622 27;
1884 2573 1976 2618 463,
1996 2574 2048 2610 20
2076 2574 2151 2622 al.3

496 2631 626 2666 etiam*
645 2642 723 2677 pro
753 2643 849 2667 nam
880 2630 1025 2680 (enim)
1056 2632 1148 2667 aliis
1172 2632 1268 2667 locis
1300 2633 1359 2676 (at
1378 2642 1416 2677 p.
1443 2632 1531 2677 460,
1549 2631 1585 2676 9)
1615 2631 1772 2668 dicitur.
1837 2632 1872 2668 8.
1906 2631 2149 2667 conditione

463 2688 468 2691 ’
494 2688 734 2734 pleramque
755 2689 868 2725 codd.
946 2689 1165 2735 proposita
1184 2689 1222 2725 S.
1272 2689 1392 2725 8—9.
1412 2692 1456 2724 ut
1474 2719 1480 2725 .
1500 2719 1505 2724 .
1525 2690 1807 2725 incorrectus:
1840 2688 2014 2724 mandat
2029 2688 2154 2733 igitur

496 2747 639 2780 auctor
653 2746 821 2782 domino
838 2745 898 2791 K,
926 2747 992 2781 cai
1016 2745 1166 2781 libram
1183 2757 1303 2781 suam
1324 2745 1571 2790 transmittit,
1598 2748 1651 2790 at,
1670 2746 1705 2781 si
1721 2756 1811 2792 qaoe
1832 2745 1873 2781 in
1892 2756 1936 2781 eo
1954 2745 2149 2780 mendosa

497 2800 710 2848 inuenerit,
757 2813 803 2838 ea
836 2804 940 2848 ante,
987 2813 1112 2849 qaam
1141 2802 1380 2849 publicetur,
1427 2803 1608 2848 corriyat
1644 2804 1681 2838 et
1709 2802 1901 2838 emendet.
1966 2803 2028 2841 11,
2059 2803 2152 2848 post

498 2858 728 2903 imputetur
768 2860 809 2895 in
851 2857 887 2896 Ο
925 2862 1000 2895 est:
1047 2860 1228 2906 Explicit
1259 2860 1459 2906 Epistola.
1538 2860 1601 2896 12.
1651 2860 1804 2906 Incipit
1850 2858 2055 2905 Prologus
2101 2858 2147 2895 Ο.

502 2914 562 2950 13.
593 2926 690 2951 reor
721 2916 770 2961 O,
800 2917 869 2952 sed
900 2919 998 2952 rear
1027 2914 1202 2965 (remur)
1234 2916 1275 2952 in
1299 2916 1518 2964 archetypo
1540 2916 1667 2962 faisse
1689 2917 1820 2963 credo,
1852 2926 1944 2951 cam
1971 2926 2020 2952 ex
2042 2926 2148 2962 seqq.

494 2968 551 3017 (p.
576 2971 666 3017 459,
686 2972 738 3009 16
755 2973 878 3021 seqq.)
908 2975 1108 3019 appareat
1138 2974 1272 3020 ipsam
1304 2976 1507 3009 auctorem
1540 2984 1625 3009 ηοη
1654 2984 1825 3019 prorsas
1855 2972 1965 3008 lianc
1995 2974 2148 3008 senten-

500 3027 601 3064 tiam
638 3028 825 3074 probare.
901 3031 965 3066 20.
1007 3030 1254 3075 affectanda,
1300 3031 1322 3067 i.
1355 3042 1384 3067 e.
1426 3031 1614 3066 studiose
1656 3033 1696 3066 et
1735 3030 1920 3066 iucunde
1959 3029 2143 3075 legenda.

498 3083 561 3118 21.
594 3085 765 3130 opinata
797 3091 1047 3132 commenta,
1079 3087 1103 3123 i.
1137 3098 1167 3124 e.
1201 3087 1362 3124 famosa
1395 3091 1434 3123 et
1465 3087 1648 3123 celebria
1679 3087 1845 3133 scripta.
