2242 3551
346 691 408 722 fol.
424 685 472 719 ὃν.

434 985 473 1013 10

346 1272 410 1304 fol.
425 1268 470 1303 δ’.

432 1344 473 1374 15

429 1705 472 1735 20

343 1995 406 2027 fol.
421 1992 470 2027 GV.

429 2069 470 2098 25

500 159 584 198 388
845 167 1122 198 SCRIPTORES
1155 167 1383 196 Hisromffi
1418 168 1594 195 DANICAE
1627 168 1826 197 MINORES

982 282 1209 323 INCIPIT
1243 281 1686 322 ARGUMENTUVI.

604 355 822 439 Ertassffi
871 403 896 430 o
930 391 1083 441 lector,
1124 390 1343 441 ambigeS,
1383 402 1547 442 meque
1581 390 1850 442 scriptorem
1885 390 2051 430 erroris
2083 396 2161 431 aut

503 463 680 512 inscitie
713 463 973 514 redargues,
1023 474 1103 502 cur
1140 461 1185 501 in
1221 462 1361 501 huius
1393 461 1533 502 libelli
1567 462 1714 515 capite
1747 466 1877 502 actus
1908 463 2161 516 laudesque

504 536 660 577 Sueini
693 535 1001 575 strenuissimi
1034 534 1151 586 regis
1184 534 1592 587 promulgauerim,
1629 547 1734 574 cum
1768 535 1814 574 in
1849 535 2159 588 suprascripta

502 609 694 662 epistola
738 607 891 660 ipsum
936 607 1211 648 codicellum
1253 607 1379 647 laudi
1426 606 1565 647 huius
1612 607 1801 659 domine
1850 621 1922 648 me
1964 621 2161 661 spopon—

502 681 646 722 derim
680 681 923 720 facturum.
974 680 1111 730 Quod
1135 676 1146 733 ll
1174 679 1234 719 ita
1268 692 1366 719 esse
1400 679 1496 732 ipse
1530 680 1742 731 fatebere,
1775 693 1940 733 meque
1973 681 2031 721 ab
2063 680 2161 721 eius

502 753 717 794 laudibus
764 766 997 806 nusquam
1044 752 1242 805 accipies
1288 752 1488 802 deniare,
1536 752 1572 792 si
1615 752 1765 804 prima
1813 752 1978 792 mediis
2025 758 2161 806 atque

502 826 537 866 si
586 826 752 866 extima
802 825 954 877 sagaci
1002 838 1129 865 more
1176 825 1386 865 conferas
1434 824 1608 877 primis.
1682 826 1826 878 Atque
1873 829 1921 865 ut
1968 826 2023 865 ad
2074 826 2163 865 hoc

500 899 774 939 intuendum
809 898 937 937 nulla
971 897 1138 938 erroris
1169 897 1439 950 impediaris
1473 898 1657 949 nebula,
1705 911 1728 937 a
1764 897 1992 938 similibus
2025 902 2161 952 atque

500 985 525 1012 a
573 971 754 1024 penitus
803 970 925 1010 ueris
972 971 1061 1011 hoc
1107 970 1189 1010 tibi
1237 970 1411 1010 habeas
1458 971 1707 1010 theorema.
1786 970 2009 1022 Aeneida,
2057 983 2161 1010 con—

501 1044 717 1097 scriptam
765 1056 789 1083 a
838 1043 1048 1095 Virgilio,
1103 1043 1207 1096 quis
1261 1044 1427 1096 poterit
1480 1043 1668 1083 infitiari
1724 1043 1896 1096 ubique
1944 1043 2161 1082 laudibus

499 1117 777 1169 respondere
811 1116 1073 1168 Octouiani,
1120 1129 1226 1156 cum
1267 1129 1382 1168 pene
1425 1115 1540 1155 nihil
1583 1119 1661 1155 aut
1695 1116 1830 1168 plane
1864 1128 2027 1168 parum
2063 1115 2160 1155 eius

500 1189 672 1229 mentio
727 1188 939 1228 uideatur
996 1189 1270 1229 nominatim
1321 1189 1558 1228 interseri?
1635 1188 1962 1228 Animaduerte
2009 1188 2159 1239 igitur,

499 1262 684 1302 laudem
718 1274 801 1301 suo
834 1261 986 1313 generi
1020 1262 1293 1315 asscriptam
1327 1261 1472 1314 ipsius
1502 1259 1513 1315 ll
1542 1260 1694 1301 decori
1728 1246 1862 1315 (fore)
1895 1260 2158 1301 claritudini

499 1333 810 1387 claritatisque
850 1334 895 1373 in
937 1334 1156 1374 omnibus
1197 1334 1440 1374 nobilitare
1477 1333 1683 1385 gloriam.
1748 1333 1863 1384 Quis
1897 1337 2049 1373 autem
2085 1333 2160 1372 hic

501 1411 631 1458 neget
670 1406 886 1447 laudibus
927 1407 1078 1459 regine
1119 1407 1244 1447 hunc
1283 1419 1363 1459 per
1406 1407 1562 1446 omnia
1610 1407 1888 1459 respondere
1935 1405 2157 1455 codicem,

499 1492 605 1520 cum
639 1492 732 1519 non
768 1480 907 1519 modo
941 1480 996 1519 ad
1032 1479 1129 1519 eius
1161 1479 1353 1531 gloriam
1389 1479 1628 1531 scribatur,
1678 1491 1838 1519 uerum
1881 1478 2017 1518 etiam
2060 1477 2158 1517 eius

499 1537 704 1604 (mentio)
738 1551 989 1591 maximam
1026 1551 1238 1591 uideatur
1269 1550 1475 1603 optinere
1508 1553 1713 1603 partem‘?
1776 1551 1823 1590 Id
1864 1550 1946 1590 tibi
1987 1549 2023 1589 si
2058 1562 2157 1603 pro·

502 1624 651 1664 babile
694 1637 786 1664 non
827 1623 1022 1675 uidetur,
1071 1623 1273 1664 euidenti
1320 1622 1508 1663 alterius
1555 1623 1619 1663 rei
1659 1623 1821 1664 inditio
1862 1622 2155 1675 approbetur.

504 1696 644 1748 Nosti,
678 1696 915 1750 quoniam,
941 1696 1225 1749 ubicum‘que
1251 1696 1472 1747 giraueris
1498 1695 1737 1747 circulum⁷
1771 1696 1920 1749 primo
1945 1694 2154 1735 omnium

501 1768 806 1822 proculdubio
854 1768 1134 1821 principium
1183 1768 1322 1808 facies
1369 1781 1467 1808 esse
1514 1772 1758 1821 punctum,
1807 1768 1962 1821 sicque
2009 1771 2156 1807 rotato

499 1840 803 1881 continuatim
837 1841 947 1880 orbe
980 1842 1224 1881 reducetur
1256 1840 1281 1893 †
1314 1841 1528 1886 circulus,
1572 1854 1664 1893 quo
1704 1842 1895 1881 reductu
1929 1841 1985 1880 ad
2019 1853 2155 1880 suum

500 1913 779 1966 principium
833 1913 931 1953 eius
988 1913 1131 1964 figure
1182 1914 1477 1954 continuetur
1523 1913 1737 1953 ambitus.
1828 1913 1973 1953 Simili
2021 1913 2157 1964 igitur

498 1985 845 2026 continuatione
887 1986 986 2026 laus
1030 1985 1182 2037 regine
1213 1983 1224 2040 ll
1256 1986 1395 2026 claret
1427 1986 1473 2025 in
1507 1985 1683 2038 primiS‚
1731 1985 1777 2024 in
1819 1985 1980 2025 mediis
2021 1985 2155 2036 uiget,

498 2058 544 2098 in
591 2058 766 2098 ultimis
812 2058 1066 2109 inuenitur,
1124 2071 1404 2112 omnemque
1460 2071 1649 2111 prorsus
1703 2057 1874 2097 codicis
1922 2070 2153 2097 summam

590 2216 978 2263 l.Subscriptionem
995 2228 1034 2263 ρ.
1050 2217 1127 2253 387
1144 2220 1180 2253 et
1197 2217 1503 2264 inscriptionem
1523 2217 1560 2253 h.
1578 2218 1598 2253 I.
1618 2218 1650 2253 A
1665 2228 1749 2253 non
1766 2216 1905 2261 habet;
1924 2216 2159 2252 adiecerant

433 2283 438 2287 ⁴
497 2274 677 2310 editores.
741 2275 775 2310 2.
798 2273 935 2320 fuerat
957 2275 1144 2318 terroris,
1168 2275 1236 2310 sed
1257 2278 1271 2310 t
1295 2286 1469 2310 erasum.
1533 2276 1568 2311 4.
1595 2275 1723 2310 sueini
1745 2285 1795 2310 ex
1820 2274 1944 2309 l'urini
1966 2284 2068 2309 corr.
2086 2272 2156 2312 Al:

499 2331 539 2366 in
584 2342 714 2378 mary.
748 2329 800 2367 ΑΒ
840 2331 1058 2378 adscripsit
1096 2332 1311 2378 Sweynus.
1401 2333 1684 2368 strenuissimi
1717 2332 1767 2377 Α;
1815 2331 2074 2367 serenissimi
2109 2331 2153 2366 D.

498 2389 533 2424 5.
581 2392 697 2434 eptffla
736 2390 780 2424 A.
872 2390 907 2425 7.
953 2389 1136 2435 accipies
1159 2389 1451 2435 :intelleges
1546 2390 1567 2424 7
1601 2400 1656 2435 sq.
1704 2389 1737 2424 si
1778 2388 2154 2435 prima..primis:

495 2445 566 2491 cfr.
609 2445 749 2482 Horat.
783 2446 866 2482 Art.
896 2448 1000 2492 poet.
1037 2446 1138 2482 152:
1188 2446 1326 2492 primo
1361 2457 1410 2482 ne
1446 2447 1643 2489 medium,
1691 2446 1829 2481 medio
1863 2457 1913 2481 ne
1946 2446 2156 2492 discrepet

498 2503 640 2539 imum.
703 2503 736 2538 9.
770 2503 929 2539 erroris
963 2503 1135 2539 nebula:
1166 2503 1349 2538 quenal.
1376 2506 1445 2539 sat.
1481 2503 1542 2548 10,
1560 2504 1592 2539 [ι.
1659 2504 1720 2539 10.
1752 2504 1967 2539 theorema
1992 2518 2037 2534 z
2059 2514 2155 2539 eon-

496 2560 810 2596 siderationem.
875 2561 937 2597 12.
971 2560 1187 2596 octouiani
1218 2558 1305 2607 (sic)
1338 2561 1388 2607 Ᾰς
1423 2561 1644 2596 Octauiani
1672 2561 1717 2599 D.
1784 2560 1845 2596 13.
1878 2561 2084 2608 interieris
2111 2561 2153 2596 Α.

503 2618 562 2653 14.
604 2617 739 2663 ipsius
780 2617 922 2653 decori
964 2617 1055 2653 fore
1100 2615 1165 2665 (z
1188 2615 1294 2665 esse)
1335 2617 1578 2653 claritudini
1619 2617 1784 2665 scripsi3
1831 2618 1965 2663 ipsius
2012 2618 2153 2653 decori

497 2674 763 2710 claritudinis
791 2676 834 2717 A,
867 2674 976 2720 quod
1007 2673 1224 2719 manifesto
1256 2676 1493 2720 corruptum
1525 2677 1589 2710 est.
1655 2675 1717 2710 15.
1750 2675 1821 2710 hic
1851 2675 1885 2710 Α
1914 2673 2012 2723 (ηοη
2047 2672 2154 2722 hoc).

503 2732 562 2766 18.
597 2732 754 2767 mentio
786 2731 939 2767 addidi.
1004 2732 1066 2768 19.
1095 2731 1280 2767 euidenti
1311 2730 1348 2778 (i.
1383 2742 1411 2767 e.
1445 2730 1622 2779 uidenti)
1653 2732 1698 2773 A,
1740 2732 1810 2767 sed
1835 2734 2036 2777 punctum
2068 2731 2155 2767 sine

497 2787 623 2825 dubio
654 2788 848 2834 apposuit
876 2790 1079 2824 corrector
1105 2787 1213 2833 falsa
1245 2789 1487 2832 coniectura,
1537 2791 1579 2824 111¹
1609 2788 1731 2824 huius
1764 2789 1924 2824 uidenti
1956 2787 2153 2824 obiectum

498 2845 610 2889 fieret
631 2846 781 2881 inditia
805 2843 881 2893 (A),
913 2846 1022 2891 qaod
1053 2846 1198 2881 rectius
1231 2845 1271 2880 in
1306 2845 1455 2881 inditio
1482 2847 1695 2881 mutarunt
1717 2846 1896 2881 editores
1960 2846 2024 2881 20.
2050 2846 2154 2891 gira-

501 2902 612 2937 ueris
645 2903 689 2946 A,
735 2902 804 2938 sed
840 2902 985 2939 scribd.
1031 2902 1124 2938 vid:
1172 2902 1308 2948 girare
1349 2903 1426 2938 uis.
1505 2903 1567 2938 22.
1609 2903 1792 2938 circulus
1825 2900 1857 2938 A
1895 2902 1981 2938 sine
2011 2913 2153 2945 sensa,-

498 2969 642 3005 scribd.
668 2970 745 3007 vid.
771 2970 892 3006 stilus
920 2971 979 3006 vel
1001 2971 1137 3016 potius
1162 2970 1360 3007 calamus.
1426 2970 1488 3006 23.
1515 2971 1788 3006 continuatur
1807 2971 1850 3006 D.
1915 2971 1976 3006 24.
2002 2963 2152 3018 infimis

498 3024 605 3073 (sict)
636 3027 727 3062 add.
761 3027 803 3062 in
835 3038 965 3073 mat-9.
998 3027 1062 3063 Al.
