2242 3551
537 201 679 230 vE'rvs
711 201 939 230 CHRoNJCA
971 201 1209 229 SIALANDOE
1639 188 1691 227 37

47 319 197 360 relicta
246 318 385 358 domo
434 319 621 369 paterna
661 314 915 369 spretisque
959 314 1190 365 omnibus,
1237 327 1325 366 que
1366 313 1480 353 mihi
1520 313 1565 352 in
1607 312 1695 353 hoc

47 391 199 432 seculo
231 388 551 430 desiderabilia
585 392 626 428 et
657 387 875 427 amabilia
902 400 1000 427 esse
1026 390 1247 439 poterant,
1281 385 1512 437 religionis
1538 397 1694 425 amore

47 462 362 517 paternitatem
403 465 529 501 tuam
571 460 677 513 adij,
725 472 914 513 sperans
953 472 1025 499 me
1057 463 1134 499 tua
1167 458 1434 499 dulcissima
1468 456 1694 510 presentia

48 535 133 576 t'rui
165 535 328 575 debere
361 537 403 574 et
433 533 524 573 tuis
556 532 776 586 exemplis
808 531 1060 581 informari,
1094 532 1310 585 quodque
1336 530 1452 570 votis
1478 529 1694 570 omnibus

47 611 222 661 exopto,
256 606 371 647 inter
400 618 527 647 sacra
553 618 741 658 corpora
770 605 960 645 fratrum
988 608 1251 644 nostrorum
1278 603 1322 643 in
1352 603 1439 643 hoc
1463 601 1695 642 cemiterio
1722 609 1741 639 5

46 678 377 734 quiescentium
411 678 533 719 diem
565 681 802 731 expectare
835 676 1158 718 nouissimum.
1224 676 1281 716 Et
1311 688 1427 726 ecce,
1475 674 1582 715 eicis
1626 687 1697 714 me

48 753 183 794 hodie
230 765 252 791 a
301 751 415 792 facie
460 755 552 801 tua,
600 754 642 791 et
687 749 941 791 desiderata
992 748 1106 789 mihi
1154 748 1389 801 sepultura
1437 746 1692 800 priuabor.«

48 826 327 878 Compassus
366 823 645 864 adolescenti
684 823 845 863 beatus
891 821 959 862 vir
1003 826 1057 873 et,
1105 834 1193 875 que
1238 824 1341 874 post
1382 833 1529 860 annos
1569 819 1697 873 quin-

48 897 261 951 quaginta
298 897 449 937 futura
473 900 614 947 erant,
647 895 807 949 spiritu
833 893 1100 948 prophetico
1124 893 1371 947 preuidens
1395 896 1437 933 et
1460 891 1698 945 predicens

47 971 109 1011 ait
133 970 188 1010 ad
216 983 343 1010 eum:
383 969 545 1022 »Vade,
578 968 642 1008 fili
667 967 915 1019 carissime,
949 967 1076 1019 vade,
1110 979 1201 1020 quo
1234 969 1276 1006 te
1302 965 1488 1018 spiritus
1512 967 1698 1004 sanctus
1727 973 1766 1004 10

49 1043 222 1083 mittere
254 1041 480 1094 dignatur,
528 1045 570 1081 et
608 1041 654 1081 in
687 1051 795 1093 agro
828 1039 1062 1081 dominico
1094 1043 1315 1092 tanquam
1351 1041 1564 1078 strenuus
1596 1049 1698 1089 ope-

50 1119 169 1156 rator
202 1115 380 1155 labora:
422 1126 503 1167 ego
534 1113 617 1154 tibi
648 1113 695 1154 in
728 1112 916 1153 nomine
948 1111 1126 1153 domini
1160 1111 1452 1168 polliceornet
1484 1121 1697 1150 securum

49 1191 90 1229 te
122 1187 252 1239 facio,
285 1187 407 1241 quia,
439 1187 556 1227 sicut
587 1186 832 1237 desideras,
866 1185 911 1225 in
940 1185 1197 1226 Claraualle
1224 1183 1431 1224 morieris
1455 1186 1497 1223 et
1523 1180 1699 1222 celestis

49 1260 205 1314 sponsi
261 1260 511 1312 gloriosum
565 1259 818 1300 aduentum
875 1271 965 1298 una
1027 1257 1272 1298 nobiscum
1334 1253 1695 1309 prestolaberis.«

52 1334 182 1374 Hanc
212 1332 510 1387 sponsionem
540 1331 698 1372 hilaris
731 1335 774 1371 et
804 1331 1009 1383 gaudens
1042 1329 1222 1371 iuuenis
1248 1328 1518 1382 suscipienS,
1552 1327 1698 1367 sciens
1727 1337 1766 1368 15

51 1406 206 1460 utique
261 1419 344 1447 nec
397 1405 490 1446 falli
546 1417 679 1458 posse
734 1416 819 1444 nec
876 1402 1030 1443 fallere
1079 1402 1192 1443 velle
1239 1401 1499 1451 hominem,
1561 1411 1698 1453 quem

49 1478 270 1533 sapientie
309 1482 351 1519 et
391 1477 590 1519 veritatis
631 1475 924 1517 secretarium
963 1488 1060 1516 esse
1104 1475 1344 1516 manifesta
1390 1473 1626 1526 signorum
1659 1474 1701 1512 et

51 1551 364 1604 prodigiorum
411 1550 707 1591 declarabant
753 1548 943 1601 indicia,
1001 1547 1084 1588 iuit
1131 1547 1310 1602 [itaque]
1365 1550 1407 1587 et
1452 1545 1498 1586 in
1546 1545 1700 1595 domo,

44 1637 190 1678 ‚quam
237 1637 343 1664 cum
390 1623 549 1664 ceteris
603 1621 820 1662 fratribus
876 1620 1054 1661 initiare
1102 1621 1386 1670 mittebatur,
1448 1617 1612 1672 prioris
1661 1619 1702 1657 et

52 1696 265 1749 cellerarij
311 1695 731 1736 administrationes
775 1698 958 1735 strenue
978 1707 1260 1747 percurrens
1292 1692 1451 1733 diuina
1485 1690 1700 1742 largiente
1727 1700 1769 1731 20

52 1769 190 1820 gratia
233 1782 401 1810 nomen
444 1768 611 1821 pariter
650 1771 692 1808 et
732 1766 938 1808 officium
978 1766 1158 1807 abbatis
1200 1764 1386 1806 sortitus
1419 1767 1496 1804 est.
1560 1761 1701 1804 Cuius

53 1841 283 1893 dignitatis
316 1844 494 1895 apicem
527 1840 630 1881 licet
660 1839 834 1880 inuitus
867 1840 1206 1890 conscenderet,
1248 1838 1424 1878 malens
1457 1837 1502 1876 in
1537 1834 1701 1876 humili

53 1914 151 1955 loco
198 1913 367 1955 saluari
413 1926 553 1968 quam
600 1913 647 1953 in
694 1911 882 1953 sublimi
929 1911 1188 1965 periclitari,
1236 1913 1501 1963 susceptum
1547 1897 1701 1948 tamen

55 1986 393 2038 religiosissime
439 1984 805 2027 conuersationis
852 1984 997 2025 nitore
1043 1983 1292 2025 decorauit.
1385 1982 1594 2035 Cumque
1644 1980 1701 2020 ad

55 2058 329 2112 decrepitam
370 2062 534 2099 etatem
574 2057 870 2111 peruenisset,
917 2056 1323 2110 quadragesimum
1366 2054 1411 2095 in
1452 2053 1702 2107 prelatione
1729 2063 1770 2094 25

55 2131 291 2184 complens
346 2144 543 2184 annum,
605 2130 741 2184 varijs
796 2142 981 2184 quoque
1034 2128 1379 2169 infirmitatibus
1425 2128 1700 2181 quateretur,

56 2203 167 2243 dixit
205 2204 262 2244 ad
302 2204 483 2244 fratres:
537 2204 753 2256 »Oportet
799 2215 871 2242 me
911 2201 957 2241 in
998 2201 1253 2242 Claraualle
1296 2199 1451 2240 mori«
1518 2198 1702 2239 Contra-

56 2275 312 2316 dicentibus
344 2276 575 2327 fratribus,
622 2276 745 2328 quod
790 2278 974 2328 propter
1012 2277 1223 2314 veterane
1255 2270 1500 2313 senectutis
1532 2270 1703 2310 incom-

58 2349 194 2388 moda
216 2348 352 2389 viuus
378 2348 487 2388 illuc
509 2348 614 2388 duci
642 2361 733 2388 non
759 2350 925 2400 posset,
949 2359 1055 2387 cum
1081 2346 1225 2386 multa
1252 2343 1420 2385 fiducia
1446 2341 1701 2396 respondit:

63 2421 287 2461 »Verbum
321 2420 388 2461 dei
418 2420 623 2461 validum
657 2423 699 2461 et
730 2420 842 2460 forte
874 2431 1119 2472 prosperos
1151 2417 1196 2457 in
1231 2418 1320 2457 hoc
1343 2416 1502 2456 itinere
1530 2427 1705 2455 succes·
1731 2427 1773 2457 30

58 2506 135 2533 sus
167 2493 422 2546 prestabit«
476 2492 727 2534 Gestatorio
760 2492 913 2545 itaque
943 2490 1187 2544 impositus
1221 2488 1398 2529 cunctis
1430 2487 1706 2528 mirantibus

147 2611 178 2646 1.
211 2621 271 2656 sp.
304 2610 430 2646 rebus
463 2609 660 2646 omnibus
692 2609 817 2645 codex
833 2607 1064 2645 Brandenb.
1127 2609 1162 2643 2.
1191 2606 1333 2642 seculo
1352 2606 1445 2647 ΑΜ;
1479 2604 1636 2639 mundo
1657 2604 1703 2638 H.

62 2667 96 2702 7.
127 2670 166 2702 et
190 2667 287 2712 AM3
318 2671 363 2704 ut
387 2668 434 2703 H.
499 2668 532 2702 8.
565 2664 830 2714 adescenti(!)
855 2666 900 2702 H.
964 2666 1025 2701 10.
1059 2664 1307 2701 charissime
1333 2663 1373 2698 S.
1441 2663 1501 2697 12.
1538 2661 1706 2696 nomine

60 2734 135 2759 om.
169 2725 208 2759 S.
284 2725 345 2761 13.
380 2724 477 2770 quia
510 2724 608 2768 AM3
640 2723 753 2770 quod
789 2724 835 2759 H.
909 2723 970 2758 15.
1004 2722 1163 2768 hylaris
1197 2721 1231 2756 H
1263 2719 1361 2768 (uon
1396 2718 1448 2765 S).
1531 2719 1589 2753 16.
1624 2729 1705 2753 non

62 2780 144 2816 falli
179 2781 225 2817 H.
305 2782 364 2817 17.
406 2780 631 2816 sectarium
663 2781 707 2816 Α.
786 2781 846 2816 18.
888 2780 1028 2825 itaque
1061 2778 1241 2816 omittere
1279 2776 1415 2812 debuit
1452 2775 1710 2812 abbreuiator

61 2840 130 2873 aul
176 2837 217 2873 in
262 2837 536 2884 superioribus
582 2838 768 2884 suscepit
798 2836 968 2873 scribere
1010 2834 1096 2884 (ubi
1137 2835 1168 2871 Α
1211 2833 1348 2869 habet:
1399 2833 1708 2877 Hanc..spon-

62 2894 220 2930 sionem
270 2895 397 2931 frater
434 2894 503 2930 ille
545 2894 657 2930 velut
702 2895 870 2930 arrham
916 2893 1112 2929 desiderii
1155 2892 1218 2928 sui
1261 2890 1496 2937 suscipiens
1538 2889 1707 2935 gauisus

62 2954 122 2985 est
161 2950 306 3000 valde).
383 2952 446 2987 20.
479 2951 638 2987 cellarii
672 2952 717 2987 H.
795 2961 1028 2996 procurans
1061 2950 1109 2993 H,
1153 2949 1246 2994 fort.
1282 2946 1435 2982 rectius.
1513 2946 1574 2981 26.
1608 2956 1707 2990 qua-

64 3010 220 3044 teretur
266 3009 303 3044 Μ
357 3008 453 3057 (nisi
502 3007 606 3054 forte
651 3007 785 3043 Arnas
838 3007 913 3043 hoc
965 3017 1014 3042 ex
1059 3007 1091 3042 Α
1137 3002 1312 3050 recepit);
1374 3003 1614 3039 debilitatus
1664 3002 1708 3036 H.

66 3064 127 3100 28.
161 3068 354 3101 veteratae
388 3066 434 3104 H.
499 3066 563 3101 29.
598 3065 825 3111 respondet
857 3064 904 3099 H.
970 3064 1033 3099 30.
1068 3063 1133 3098 dei
1167 3064 1217 3105 Α;
1249 3072 1327 3098 om.
1363 3061 1453 3096 MH.
