2242 3551
552 245 695 273 VETUS
727 244 955 272 CHRONICA
988 244 1225 273 SIALANDIE
1663 232 1715 271 23

67 363 201 411 Suen,
248 361 367 400 filius
405 358 609 408 AEstrith‚
657 357 855 411 suscepit
897 358 1022 409 regni
1066 358 1399 410 gubernaculaj.
1447 357 1522 410 qui
1565 357 1717 407 genuit

66 434 268 489 quinque
316 432 434 472 filios
474 431 620 471 forma
669 430 916 483 speciosos,
963 430 1042 484 qui
1087 430 1251 481 singuli
1294 430 1547 470 secundum
1590 429 1718 469 etatis

66 506 273 547 ordinem
308 504 581 555 regnabant:
619 503 849 543 Haraldus
882 503 1045 555 primo,
1079 502 1242 543 deinde
1277 506 1462 543 sanctus
1494 502 1716 553 Kanutus,

66 579 143 634 qui
175 576 418 632 requiescit
449 575 496 616 in
515 575 769 624 Othinsh6;
803 579 905 628 post
936 588 1073 629 quem
1102 575 1212 616 Olaf
1239 575 1424 624 Fames3
1460 577 1561 627 post
1595 574 1719 613 hunc

68 651 228 692 Ericus
283 647 556 701 cognomine
613 648 826 700 Egothae3
888 651 1122 701 postremo
1179 646 1396 687 Nicolaus
1460 645 1522 698 [ut
1580 658 1716 698 supra

67 727 275 765 notatum
308 719 401 776 est].

155 796 386 836 MXLIIII.
450 795 571 836 Suen
604 794 750 834 factus
784 797 849 833 est
882 807 957 833 rex
992 793 1150 833 Danie.

157 868 411 909 »Haraldus
445 866 649 921 quidam,
696 866 832 907 frater
872 867 989 918 regis
1022 865 1159 907 Olaui
1193 869 1233 905 et
1266 864 1493 918 martyris,
1538 864 1718 903 viuente

68 942 220 983 adhuc
252 953 468 993 germano
495 938 944 992 Constantinopolim
978 938 1081 978 exul
1113 937 1237 991 abijt,
1271 937 1349 977 ubi
1384 937 1527 977 multa
1560 939 1717 976 contra

69 1016 343 1057 Sarracenos
374 1013 511 1065 gessit
543 1011 697 1066 prelia.
762 1012 817 1063 Is,
864 1011 1079 1051 defuncto
1120 1011 1253 1051 fratre
1295 1022 1400 1050 cum
1444 1009 1490 1049 in
1524 1009 1718 1062 patriam

68 1090 310 1128 reuocatus
349 1089 479 1138 esset,
526 1084 683 1126 omnia
726 1085 965 1125 Danorum
1009 1083 1238 1124 maritima
1279 1082 1396 1122 ferro
1436 1081 1633 1122 vastauit
1679 1085 1720 1121 et

69 1160 182 1213 igne.
246 1160 381 1211 Suen,
428 1172 505 1198 rex
547 1159 800 1209 Danorum,
846 1161 968 1209 terga
1011 1155 1152 1197 vertit.
1217 1155 1338 1195 Inter
1381 1154 1633 1195 Haraldum
1679 1158 1719 1194 et

71 1233 190 1273 Suen
224 1231 419 1285 prelium
452 1231 537 1271 fuit
568 1230 786 1271 omnibus
818 1229 981 1270 diebus
1013 1228 1102 1269 vite
1134 1241 1308 1268 eorum.
1359 1228 1445 1267 Iste
1476 1227 1719 1278 Haraldus,

70 1305 171 1345 licet
205 1303 360 1345 multis
393 1304 638 1357 imperaret
670 1302 948 1353 nationibus,
982 1305 1166 1354 propter
1192 1299 1435 1341 auaritiam
1463 1303 1505 1339 et
1528 1298 1719 1339 crudeli-

69 1382 206 1418 tatem
247 1390 378 1423 suam
413 1376 632 1417 omnihus
672 1379 768 1416 erat
805 1374 997 1415 inuisus.
1063 1373 1202 1414 Multe
1244 1371 1431 1413 ecclesie
1472 1385 1551 1425 per
1590 1371 1720 1411 illum

70 1451 232 1502 dirute,
280 1448 411 1489 multi
457 1448 695 1489 christiani
742 1448 800 1488 ab
846 1447 924 1487 illo
972 1446 1118 1487 necati
1166 1449 1284 1486 sunt.
1366 1444 1602 1485 Seruiebat
1648 1444 1720 1484 ille

45 1522 292 1564 ·maleficis
340 1521 537 1572 artibus,
593 1534 685 1561 non
733 1521 972 1561 attendens
1019 1519 1176 1571 miser,
1231 1517 1353 1571 quod
1403 1516 1721 1557 sanctissimus

71 1607 316 1648 germanus
349 1594 446 1634 eius
479 1607 560 1647 pro
592 1594 910 1647 amplectenda
951 1605 1113 1633 norma
1153 1589 1500 1632 christianitatis
1531 1589 1722 1630 certauit

72 1681 217 1721 usque
260 1663 330 1708 ad*
363 1671 569 1708 mortem.
633 1666 775 1708 Cuius
814 1665 989 1717 egregia
1037 1663 1259 1704 miracula
1297 1666 1534 1714 testantur,
1581 1675 1721 1715 quam

72 1754 206 1781 carus
252 1741 337 1781 deo
385 1739 540 1792 fuerit,
601 1752 689 1794 que
735 1738 901 1779 cotidie
947 1738 1005 1778 ad
1052 1736 1315 1790 sepulcrum
1364 1734 1462 1775 eius
1508 1738 1722 1788 operatur

72 1813 302 1854 dominus.
365 1812 558 1853 Videbat
605 1813 689 1852 hec
734 1811 808 1851 ille
848 1809 1089 1851 derelictus
1137 1822 1162 1849 a
1202 1809 1303 1859 deo,
1350 1807 1555 1860 nihilque
1603 1819 1722 1846 com-

73 1890 272 1939 punctus
303 1885 557 1926 oblationes
591 1897 773 1938 quoque
806 1896 860 1923 ac
890 1883 1144 1933 thesauros,
1188 1881 1266 1934 qui
1299 1893 1481 1920 summa
1516 1879 1722 1919 fidelium

73 1958 317 1999 deuotione
364 1957 516 1998 collati
563 1961 670 1998 sunt
715 1957 771 1997 ad
818 1955 1051 1996 tumulum
1098 1954 1270 2005 fratris,
1328 1953 1557 1993 Haraldus
1605 1964 1722 1992 unca

75 2044 216 2071 manu
263 2031 509 2071 corradens
556 2029 779 2070 militibus
820 2027 1047 2081 dispersit.
1112 2027 1300 2079 Propter
1346 2038 1484 2079 quam
1534 2037 1722 2065 causam

75 2116 180 2144 cum
213 2116 317 2144 eum
351 2103 725 2156 archiepiscopus
757 2101 1050 2153 increpasset,
1097 2098 1271 2152 spreuit
1312 2111 1432 2149 eum,
1479 2097 1636 2137 dicens
1677 2109 1722 2136 se

167 2317 200 2352 1.
236 2315 393 2352 Estrith
428 2316 475 2352 H.
554 2315 674 2351 3-4.
706 2312 1058 2350 Canutus..01ef
1088 2313 1135 2349 H.
1214 2313 1249 2348 5.
1282 2311 1531 2356 cognomine
1563 2321 1640 2345 om.
1676 2310 1722 2346 H.

78 2374 199 2409 5—6.
238 2371 361 2409 Verba
395 2376 439 2408 ut
470 2383 599 2419 supra
633 2375 820 2407 notatum
855 2374 927 2414 est,
959 2369 1103 2417 quibus
1137 2370 1178 2406 in
1208 2369 1241 2404 H
1276 2368 1567 2414 superadditur
1597 2368 1724 2403 mani-

79 2431 190 2474 feste,
221 2429 372 2475 deleui;
402 2440 655 2476 quocumque
686 2429 793 2464 enim
829 2428 912 2464 loco
945 2427 1063 2463 verba
1093 2438 1132 2473 ρ.
1165 2427 1228 2471 22,
1249 2424 1424 2468 ssi—23,
1447 2425 1470 2459 6
1498 2427 1723 2470 ponuntur,

77 2490 178 2523 certe
209 2487 294 2523 hoec
326 2486 444 2522 verbu
474 2498 608 2533 praua
640 2488 746 2531 sunt,
779 2497 868 2531 quoe
898 2484 991 2530 fort.
1025 2494 1075 2520 eae
1101 2495 1141 2530 p.
1165 2484 1228 2528 22,
1252 2483 1299 2518 11
1335 2482 1414 2518 huc
1442 2482 1580 2528 aliquo
1607 2481 1726 2517 modo

79 2546 335 2590 irrepserunt.
399 2544 434 2581 7.
468 2547 530 2580 est
561 2555 638 2579 om.
667 2543 701 2578 H
735 2541 873 2587 <habet
900 2543 953 2585 S).
1032 2542 1176 2577 Daniae
1209 2551 1286 2576 om.
1313 2540 1365 2577 M.
1435 2538 1472 2575 V.
1507 2539 1646 2574 8—13
1679 2548 1728 2573 ex

78 2601 228 2638 Adumi
266 2600 331 2639 lib.
366 2601 432 2646 III,
475 2612 561 2647 cup.
596 2601 645 2637 12
678 2600 778 2645 (13),
818 2599 1023 2646 sequentia
1065 2598 1206 2634 omniu
1254 2597 1350 2641 (Iste
1386 2596 1595 2632 Haraldus
1637 2598 1727 2637 etc.)

81 2669 204 2705 usque
250 2658 303 2693 ad
345 2657 451 2702 24‚3
495 2658 690 2702 (ruinam)
736 2667 785 2692 επ
830 2656 1006 2692 eiusdem
1052 2666 1138 2701 cap.
1174 2655 1222 2690 16
1255 2653 1338 2698 (17)
1387 2654 1571 2699 excerpta
1619 2654 1725 2693 sunl,

81 2715 282 2751 interdum
314 2715 412 2751 sutis
445 2714 629 2759 licentem
661 2714 815 2759 reliqua
850 2715 908 2759 (p.
931 2713 993 2755 24,
1014 2712 1141 2757 3—5)
1176 2722 1225 2747 esc
1255 2722 1340 2756 cup.
1368 2711 1430 2746 51.
1496 2710 1530 2745 8.
1564 2709 1654 2745 Olai
1674 2709 1726 2748 H;

80 2772 209 2808 frater
226 2772 361 2818 Olaph
389 2772 496 2818 regis
521 2775 560 2807 et
585 2772 781 2817 martyris
800 2770 943 2807 Adam.
1011 2771 1070 2805 10.
1097 2769 1328 2805 Saracenos
1348 2768 1394 2802 H.
1456 2767 1627 2802 12—13.
1653 2777 1728 2812 pro

82 2829 209 2865 verbis
241 2833 353 2874 terga
387 2840 422 2865 v.
458 2829 485 2865 1.
521 2829 567 2865 Η.
599 2831 639 2864 et
665 2829 700 2864 S.
734 2839 770 2874 p.
804 2827 881 2863 fuit
913 2826 1060 2872 Ie9itu1·
1090 2826 1131 2861 in
1158 2826 1212 2861 H:
1245 2825 1371 2871 igitur
1403 2824 1550 2870 incipit
1581 2826 1726 2859 contra

84 2886 314 2922 Haraldum
363 2885 554 2932 prelium,
601 2886 715 2932 quod
763 2884 982 2920 durauit..
1072 2883 1247 2919 13—14.
1295 2882 1375 2916 Iste
1424 2881 1485 2924 H.,
1532 2880 1728 2926 quamuis

85 2943 311 2989 imperaret
358 2954 408 2979 m.
456 2946 537 2979 nat.
583 2943 629 2978 H.
732 2942 794 2977 18.
840 2943 1015 2987 propter
1060 2938 1393 2985 amplectendam
1443 2948 1633 2973 normam
1683 2936 1729 2971 H.

87 3000 262 3036 19—20.
297 2999 410 3046 quod
443 3000 627 3044 c(h)arus
660 2999 833 3034 domino
866 2998 954 3041 fuit,
986 3008 1067 3043 que
1098 2995 1287 3042 quotidie
1320 2995 1366 3030 H.
1431 2995 1496 3029 21.
1526 2994 1612 3028 Vid.
1649 2994 1729 3028 hoc

84 3058 106 3091 i.
146 3057 182 3092 d.
222 3067 255 3093 a.
295 3056 466 3092 domino
507 3057 552 3091 H.
629 3057 692 3091 22.
736 3066 784 3090 ac
831 3055 888 3099 M3
936 3058 975 3090 et
1021 3054 1068 3090 H.
1145 3053 1208 3088 23.
1248 3051 1391 3088 fratris
1439 3051 1498 3095 M3
1544 3051 1633 3085 eius
1683 3050 1727 3084 H.

87 3113 149 3148 25.
181 3123 277 3148 cum
310 3113 423 3148 arch.
456 3114 555 3148 incr.
590 3124 684 3148 eum
719 3113 765 3147 H.
1318 3103 1323 3106 ”

1748 1019 1788 1048 10

1749 1381 1789 1411 15

1748 1747 1790 1776 20

1749 2109 1791 2139 25
