2242 3551
766 477 1277 527 VOLVMINE.L

204 606 295 642 haec
326 605 483 652 scripta
516 605 808 642 eontinentur:
1741 631 1769 654 pl

283 674 309 710 1.
361 673 604 709 Chronicon
640 673 915 709 Roskildense
948 702 1590 713 .......................
1692 681 1772 714 1-
1805 681 1857 716 33

361 733 400 766 et
431 730 674 767 Chronicon
708 731 939 767 Lethrense
975 759 1589 770 ......................
1662 736 1772 771 34-
1805 738 1856 774 53

260 788 308 824 II.
362 788 567 824 Svenonis
600 788 779 834 Aggonis
812 788 904 824 Filii
938 788 1153 834 Opuscula
1189 789 1398 825 Historica
1438 818 1590 828 ......
1662 794 1857 831 55-143

363 846 396 880 1.
448 846 528 881 Lex
562 846 798 882 Castrensis
831 874 1588 885 ...........................
1661 850 1771 889 64—
1804 853 1856 888 93

360 903 396 938 2.
446 903 591 939 Brevis
627 903 812 939 Historia
847 903 1004 949 Regum
1040 903 1165 939 Dacie
1207 933 1589 943 ..............
1660 908 1852 945 94-141

361 960 396 996 3.
449 960 697 1007 Genealogia
734 961 889 1006 Regum
925 960 1051 996 Dacie
1082 959 1414 1009 (Fragmentum)
1437 991 1589 1001 ......
1635 966 1856 1003 142—-143

244 1018 312 1053 111.
366 1017 501 1053 Series
534 1021 574 1053 et
606 1018 868 1064 Genealogiae
902 1017 1057 1064 Regum
1088 1018 1304 1054 Danorum
1340 1019 1488 1055 I—VII
1635 1023 1856 1060 144—194

217 1075 309 1110 1111.
362 1075 536 1110 Saxonis
561 1075 682 1111 Gesta
710 1076 927 1111 Danorum
956 1075 997 1110 in
1022 1076 1331 1122 Compendium
1365 1077 1589 1116 redacta..
1635 1081 1855 1117 195—439

363 1132 559 1168 Eiusdem
594 1132 691 1168 libri
724 1132 987 1168 continuatio
1019 1133 1242 1176 (Chronica
1276 1134 1477 1179 Jutensis)
1633 1138 1856 1175 440—470

266 1190 307 1225 V.
360 1190 454 1225 Duo
487 1190 684 1225 Carmina
719 1190 930 1226 Historica
974 1219 1590 1230 ......................
1634 1195 1856 1231 471—486

201 1602 292 1638 haee

244 1671 306 1707 VI.

221 1843 306 1879 VII.

202 1900 307 1936 VIII.

242 1957 304 1993 IX.

243 2300 307 2335 XI.

225 2357 312 2393 XII.

201 2414 311 2450 XIII.

209 2471 308 2508 XIV.

229 2528 307 2564 XV.

208 2585 306 2621 XVI.

752 1477 1174 1525 VOLVMINE
1228 1478 1296 1525 H.

324 1603 614 1640 continentur:
1756 1629 1784 1652 p⁴

358 1671 485 1707 Vetus
518 1671 729 1707 Chronica
763 1672 974 1709 Sialandie
1004 1701 1415 1710 ...............
1439 1707 1444 1711 .
1466 1704 1588 1712 .....
1694 1679 1771 1712 1-
1805 1679 1855 1714 72

358 1739 454 1764 eum
496 1729 785 1775 Appendicula
833 1730 950 1773 (Hist.
995 1731 1141 1766 mirab.
1185 1731 1225 1766 in
1267 1731 1364 1769 eccl.
1410 1732 1444 1767 b.
1488 1732 1596 1769 Petri

448 1785 633 1829 Slesuie.)
659 1815 1590 1828 .................................
1662 1792 1771 1834 72-,-
1805 1793 1854 1828 74

360 1843 650 1889 Sepulchralia
686 1845 793 1879 I-V
833 1873 1589 1886 ...........................
1662 1849 1769 1884 75—
1804 1851 1855 1886 90

359 1900 571 1936 Chronica
604 1901 1032 1948 Archiepiscoporum
1069 1903 1357 1939 Lundensium
1381 1934 1588 1942 .......
1660 1907 1854 1943 91—1‘32

359 1957 417 1993 De
451 1958 717 1994 Monasteriis
750 1959 1091 1996 Cistereiensium
1120 1990 1583 2000 .................
1635 1964 1854 2000 133—152

361 2016 395 2050 1.
445 2015 505 2051 De
536 2015 785 2052 fundatione
817 2017 1080 2054 Vitaescholae
1118 2047 1587 2057 .................
1634 2021 1853 2057 134—142

360 2072 396 2108 2.
446 2072 505 2108 De
538 2072 784 2109 fundatione
817 2074 1092 2119 Vitaescholae,
1130 2076 1389 2116 Tutaeuallis,
1436 2079 1597 2113 Aureae-

445 2129 595 2166 insulae
626 2161 1587 2172 ..................................
1632 2135 1852 2171 142-—152

359 2186 590 2222 Exordium
626 2188 868 2224 Monasterii
902 2190 1020 2226 Carae
1053 2190 1207 2226 Insulae
1234 2221 1586 2229 .............
1633 2192 1852 2228 153—264

360 2243 448 2279 Vita
481 2245 667 2280 Gunneri
702 2246 901 2293 Episcopi
936 2247 1202 2294 vibergensis
1234 2277 1586 2286 .............
1629 2249 1852 2286 265-278

360 2300 509 2336 Petrus
542 2301 653 2340 Olai:
689 2303 748 2338 De
780 2303 938 2340 Ordine
972 2306 1167 2341 Fratrum
1202 2305 1411 2341 Minorum
1435 2337 1585 2343 ......
1629 2306 1851 2342 279—324

364 2358 424 2393 De
457 2358 716 2405 Expulsione
749 2360 942 2397 Fratrum
978 2362 1187 2398 Minorum
1206 2390 1587 2400 ..............
1630 2363 1852 2400 325—368

364 2414 423 2450 De
456 2415 613 2452 Ordine
646 2417 965 2455 Predicatorum
999 2419 1040 2455 in
1076 2420 1201 2455 Dacia
1235 2448 1586 2457 .............
1630 2420 1852 2456 369—374

359 2472 480 2508 Gesta
514 2473 719 2510 Cnutonis
754 2474 873 2520 Regis
907 2476 1172 2521 (Encomium
1208 2477 1382 2513 Emmael
1406 2506 1585 2515 .......
1629 2478 1851 2513 375—426

359 2529 419 2565 De
453 2529 611 2566 Eskillo
643 2531 836 2579 Archiep.
871 2536 910 2568 et
942 2533 1107 2569 Patruis
1140 2534 1229 2569 eius
1261 2562 1583 2572 ............
1629 2535 1852 2570 427—442

360 2586 419 2622 De
452 2587 717 2624 Profectione
752 2589 967 2626 Danorum
1001 2591 1043 2626 in
1079 2591 1415 2637 Hierosolymam
1463 2621 1586 2629 .....
1629 2591 1851 2627 443—492

782 2684 1027 2730 Sequuntur
1060 2685 1274 2721 Indices.
