2242 3551
438 245 542 273 VITA
574 244 773 273 GVNNERI
806 245 1010 275 EPISCOPI
1043 248 1339 279 VIBERGENSIS
1632 242 1713 281 273

68 367 143 415 est,
188 364 234 402 vt
274 372 400 400 more
439 358 566 399 canis
606 358 757 399 rabidi
799 372 961 401 omnes
1001 374 1047 402 se
1086 363 1401 416 contingentes
1443 365 1636 406 laniauit
1674 371 1715 406 et

67 433 322 477 momordit.
386 432 474 482 Qui
515 435 670 472 tamen
717 432 776 472 ab
816 432 916 486 alijs
958 436 1322 488 comprehensus
1356 441 1397 478 et
1429 438 1475 478 in
1509 438 1714 492 plaustro

68 521 147 550 suo
179 507 235 547 ad
266 506 481 557 tegulam,
513 517 602 559 que
633 505 881 557 vulgariter
913 507 1061 547 [either
1091 508 1332 563 vocitatur,
1365 510 1544 564 ligatus,
1584 512 1629 552 in
1663 525 1714 553 ea

67 586 152 622 tres
182 578 355 632 stipites
387 578 497 618 satis
528 577 667 618 fortes
699 578 914 619 dentibus
948 580 1044 620 suis
1075 582 1331 623 mordendo
1366 584 1642 625 comminuit
1674 589 1715 625 et

67 651 292 704 confregit.
379 651 434 691 Et
480 651 570 692 hoc
616 651 734 692 circa
783 651 880 693 dies
926 654 1228 705 rogacionum
1276 655 1446 696 factum
1496 661 1574 698 est.
1661 659 1716 698 At

67 726 305 781 episcopus
357 724 404 764 in
459 724 632 764 eisdem
689 725 1015 777 rogacionihus
1068 740 1329 768 sermonem
1383 731 1440 770 ad
1488 731 1713 784 populum

67 799 234 841 faciens
265 797 390 848 dixit,
432 797 570 837 talem
611 801 772 851 potum
805 798 864 839 ab
897 798 1026 840 omni
1058 800 1310 842 christiano
1344 815 1441 843 esse
1474 803 1713 844 vitandum

67 877 107 914 et
137 871 469 923 detestandum,
509 871 586 924 qui
622 884 675 911 ex
708 871 907 925 simplici
938 872 1036 914 viro
1070 877 1112 914 et
1143 886 1257 914 sano
1288 874 1506 916 insanum
1540 877 1643 917 fecit
1676 882 1716 918 et

67 948 334 987 dementem.
383 944 527 984 Tante
559 948 713 984 autem
746 944 1022 986 abstinentie
1053 945 1151 999 ipse
1183 959 1264 1000 per
1294 960 1341 988 se
1366 961 1553 1001 operam
1579 951 1716 1002 dedit,

67 1022 111 1060 vt
146 1018 191 1059 in
231 1021 369 1057 estate
408 1017 526 1057 inter
568 1017 817 1070 prandium
859 1022 901 1058 et
942 1031 1104 1059 cenam
1138 1033 1379 1074 nunquam
1413 1022 1439 1072 †
1470 1024 1713 1077 acquieuit.

67 1092 199 1143 Quod
231 1094 273 1132 et
296 1090 387 1131 alio
413 1094 619 1144 tempore
644 1091 761 1131 inter
786 1090 1081 1132 refectionem
1108 1095 1151 1132 et
1174 1093 1354 1135 biberes
1378 1099 1481 1147 post
1503 1109 1718 1150 vesperas

66 1164 223 1217 iugiter
247 1163 493 1204 obseruare
517 1164 717 1214 curauit;
744 1165 821 1205 sed
848 1164 1021 1205 interea
1045 1169 1125 1205 aut
1149 1166 1362 1207 studebat
1387 1172 1465 1208 aut
1490 1169 1717 1211 scribebat

66 1241 142 1278 aut
185 1237 386 1278 dictabat
438 1240 518 1277 aut
570 1237 974 1290 computacionem
1027 1251 1132 1279 cum
1182 1239 1277 1279 suis
1324 1239 1714 1297 procuratollribus

66 1310 267 1351 faciebat.
359 1310 558 1360 Quando
614 1323 722 1351 vero
768 1311 815 1350 in
861 1311 963 1352 loco
1011 1312 1285 1365 permansit,
1348 1326 1530 1366 semper
1576 1313 1716 1353 semel

67 1385 301 1425 comedere
356 1383 586 1435 voluisset,
649 1384 685 1423 si
740 1396 834 1425 non
888 1388 1005 1425 esset
1057 1398 1083 1425 a
1142 1385 1317 1426 familia
1373 1399 1457 1427 sua
1513 1386 1718 1426 ieiunare

67 1458 244 1498 nolente
282 1456 544 1509 impeditus.
609 1456 890 1497 Monialibus
937 1462 1091 1499 autem
1141 1463 1295 1499 sancte
1339 1459 1625 1512 Margarethe
1672 1458 1716 1498 in

68 1530 267 1571 Asmiald
306 1530 368 1570 ita
407 1529 492 1570 fuit
532 1529 802 1570 fauorabilis
836 1534 878 1571 et
909 1530 1150 1584 benignus,
1197 1535 1244 1573 vt
1281 1533 1337 1573 de
1378 1532 1505 1573 curia
1549 1545 1631 1572 sua
1673 1531 1718 1571 in

68 1603 266 1657 pitantijs
312 1607 354 1644 et
392 1603 577 1657 potibus
617 1603 784 1644 cotidie
831 1603 1076 1657 alerentur,
1123 1605 1340 1646 absencia
1388 1618 1471 1646 sua
1510 1618 1603 1645 non
1644 1605 1720 1645 ob-

69 1680 222 1717 stante.
286 1676 335 1716 In
379 1677 451 1717 die
491 1677 639 1717 sancti
670 1677 900 1717 Johannis
941 1678 1230 1730 ewangeliste
1272 1678 1318 1718 in
1360 1678 1501 1719 natali
1542 1677 1719 1718 domini

69 1749 235 1790 eisdem
282 1750 564 1791 monialibus
603 1751 649 1790 in
689 1751 885 1791 medone
924 1754 966 1791 et
1007 1751 1212 1804 piscibus
1259 1764 1314 1792 ac
1358 1751 1600 1805 lacticinijs
1648 1750 1718 1791 vel

70 1822 201 1863 etiam
254 1823 469 1864 carnibus
526 1824 767 1864 annuatim
823 1824 869 1864 in
926 1836 1092 1877 magna
1140 1824 1460 1865 habundantia
1509 1824 1718 1878 preuidit.

71 1895 343 1950 Semperque
375 1897 454 1937 illo
487 1897 559 1937 die
592 1897 783 1938 missam
817 1909 974 1938 coram
1008 1898 1073 1938 eis
1104 1897 1202 1951 ipse
1235 1897 1497 1950 celebrauit,
1531 1902 1572 1938 et
1604 1897 1720 1948 illas,

69 1982 154 2022 que
186 1982 278 2010 non
310 1969 494 2010 fuerunt
526 1974 803 2023 consecrate,
845 1972 1160 2012 consecrando
1194 1971 1448 2011 coronauit.
1512 1971 1720 2023 Tamque

70 2054 198 2082 carus
240 2047 366 2096 pater
398 2047 440 2083 et
470 2043 707 2084 confessor
739 2056 897 2084 earum
932 2048 974 2085 et
1005 2044 1115 2084 alibi
1148 2043 1411 2096 degentium
1444 2043 1719 2083 monialium

71 2127 121 2155 ac
141 2115 365 2156 nobilium
389 2116 584 2157 aliarum
609 2116 905 2157 dominarum
930 2117 1207 2157 secularium
1231 2116 1413 2165 exstitit,
1440 2119 1498 2164 vt,
1532 2116 1719 2168 quando

71 2188 126 2228 ad
171 2201 247 2229 eas
289 2189 540 2244 aliquando
587 2189 711 2231 venit
750 2193 791 2230 et
836 2193 1021 2243 tempus
1067 2190 1229 2230 habuit
1275 2202 1455 2230 moram
1502 2201 1608 2229 cum
1656 2188 1718 2228 eis

72 2259 277 2314 faciendi,
308 2262 384 2303 vix
415 2262 563 2315 potuit
595 2262 653 2302 ab
685 2262 775 2303 illis
807 2275 968 2316 separa
996 2263 1023 2304 i.

154 2333 227 2375 IX.
289 2335 505 2388 Dompno
546 2339 700 2376 autem
740 2335 834 2388 regi
874 2335 1172 2377 Waldemaro
1212 2335 1273 2375 ita
1316 2335 1509 2375 dilectus
1548 2334 1633 2374 fuit
1679 2338 1721 2374 et

72 2418 214 2460 carus,
245 2411 292 2449 vt
323 2421 428 2448 eum
462 2421 643 2462 semper
674 2408 720 2448 in
754 2409 913 2449 litteris
946 2408 1040 2449 suis
1074 2412 1116 2448 et
1147 2408 1351 2461 alloquio
1382 2411 1558 2460 patrem
1583 2420 1719 2447 suum

73 2480 263 2530 vocauit,
309 2481 427 2522 miro
465 2481 631 2522 affectu
674 2495 780 2522 eum
819 2495 898 2535 pre
940 2481 1159 2522 omnibus
1200 2480 1300 2533 alijs
1334 2480 1561 2533 episcopis
1594 2479 1720 2530 regni

157 2614 191 2651 3.
222 2615 358 2661 tegula
390 2618 448 2652 est
473 2626 574 2662 pars
606 2615 785 2651 lateralis
813 2615 991 2661 plaustri
1022 2615 1172 2659 rustici,
1207 2625 1286 2660 quo
1316 2613 1458 2659 fenum
1487 2613 1546 2647 vel
1572 2612 1720 2657 stipula

75 2671 143 2717 vel,
191 2674 234 2708 ul
261 2671 299 2708 Ii.
332 2674 367 2719 I.,
414 2673 564 2709 merica
598 2672 827 2719 vehebatur,
877 2683 926 2708 ex
958 2672 1095 2718 tiqillis
1128 2672 1234 2707 inter
1263 2682 1303 2707 se
1334 2669 1589 2715 distantibus,
1634 2679 1723 2715 quae

75 2726 225 2765 Danice
247 2730 431 2767 »Haver«
462 2730 528 2766 vel
555 2731 747 2766 ›Laettem
776 2733 983 2772 vocantur,
1013 2731 1234 2775 compacta.
1308 2724 1493 2774 wlgari&
1518 2727 1658 2762 letth'r
1676 2725 1721 2762 C.

77 2785 109 2820 5.
140 2788 376 2833 rogationes
410 2787 663 2824 vocabantur
693 2790 769 2824 tres
800 2788 883 2823 dies
915 2786 1201 2822 Ascensionem
1240 2785 1401 2821 domini
1430 2784 1722 2830 proecedentes;

75 2841 225 2879 Dunice
257 2844 322 2881 illo
355 2847 532 2891 tempore
569 2845 834 2891 »Gangdage«
873 2843 1197 2891 appellabantur.
1278 2843 1337 2879 10.
1373 2844 1465 2887 post
1503 2852 1719 2887 nunquam

75 2899 159 2936 sine
194 2901 316 2938 dubio
356 2903 479 2940 edere
519 2903 584 2939 vel
623 2902 768 2938 bibere
809 2903 1042 2949 quidquam
1076 2900 1309 2936 addendum
1344 2901 1401 2935 est
1426 2901 1595 2945 propter
1620 2909 1722 2944 proe-

76 2957 213 2994 cedens
236 2958 477 2997 vocabulum
502 2960 765 2996 abstinentie.
828 2961 890 2997 15.
915 2959 1134 2995 comedere
1152 2958 1198 3002 C,
1222 2960 1265 2993 ut
1287 2957 1444 3002 soepius.
1520 2956 1721 2991 voluisset

76 3014 232 3061 scripsi3
276 3017 461 3063 voluit-1²3
501 3017 545 3054 C.
624 3018 686 3054 19.
727 3018 816 3053 dies
854 3029 884 3053 s.
915 3017 1008 3053 Joh.
1041 3015 1306 3061 ewangeliste
1346 3016 1403 3050 est
1439 3013 1521 3049 dies
1553 3013 1616 3049 27.
1648 3012 1723 3048 De-

77 3072 251 3109 cembris.
327 3075 393 3111 21.
427 3075 561 3121 puidit
602 3074 655 3120 C;
701 3075 890 3121 prouidit
933 3073 1056 3120 Lybie.
1139 3073 1204 3108 26.
1249 3083 1320 3108 eos
1361 3071 1406 3115 C,
1454 3082 1554 3107 601‘1‘.
1596 3069 1720 3116 Lyblc.

79 3127 140 3165 27.
171 3129 350 3167 faciendi
381 3143 410 3169 s.
447 3143 478 3169 v.
511 3132 602 3168 add.
636 3132 681 3168 C.

144 3210 243 3241 Script.
264 3212 328 3237 hist.
350 3213 421 3236 Dan.
442 3213 567 3236 minores
1476 3196 1516 3227 18

1744 1032 1784 1062 10

1742 1248 1815 1279 Fol.
1831 1245 1903 1280 50¹2

1746 1392 1787 1422 15

1745 1757 1787 1787 20

1746 2122 1788 2160 25

1747 2487 1789 2517 30
