2242 3551
454 1119 465 1148 1
475 1118 494 1147 0

454 1481 493 1510 15

452 1844 494 1874 ‘20

333 1917 407 1948 1³01.
423 1912 493 1947 :34¹1

451 2572 493 2601 332»

452 2935 494 2963 13x›

521 212 602 251 228
862 222 1138 251 SCRIPTORES
1173 224 1399 252 HisromAE
1433 224 1609 252 DANJCAE
1643 224 1841 252 annones

522 337 764 390 infringere
823 337 1062 378 molientes
1115 337 1265 379 debite
1319 337 1741 379 animaduersionis
1803 351 1895 378 non
1959 338 2174 390 effugiam

523 409 766 449 ulcionem.
830 409 996 449 Valete.
1059 410 1222 449 Actum
1264 422 1387 450 anno
1427 410 1604 450 domini
1648 399 1863 451 .x⁴i.c‘c.lx.11.1.
1928 411 2009 450 Die
2058 410 2174 450 beati

520 482 749 522 ‚lobannis
783 485 886 522 ante
920 486 1099 535 portam
1136 482 1387 522 Latinam«

621 641 790 686 (XVIII.)
854 642 1006 678 Littera
1042 642 1242 678 abbatum
1278 643 1414 679 Dacie<
1449 646 1635 689 (piatuor
1668 643 1815 690 primis
1848 643 2083 678 abbatibus.

613 711 1075 788 »Reuerentissimis
1128 748 1173 788 in
1231 748 1412 789 Christo
1467 748 1674 801 patribus
1728 752 1769 788 et
1821 749 1947 788 omni
2003 749 2176 788 honore

522 819 818 871 dignissimis,
863 820 1074 860 Dominis
1110 821 1177 873 .J.,
1219 821 1375 861 abbati
1417 820 1650 874 Cystercij,
1699 825 1740 861 et
1780 825 1978 874 quatuor
2018 820 2177 873 primis

522 891 782 942 abhatibus,
829 904 883 932 ac
930 893 1009 933 toti
1051 894 1253 946 capitulo
1295 894 1509 945 generali,
1557 894 1715 934 fratres
1758 894 1806 933 A.
1841 895 1895 934 de
1931 893 2176 943 Heriuado,

523 964 571 1004 Ε.
606 964 662 1005 de
696 964 876 1013 Esrom,
909 967 955 1005 A.
990 966 1045 1006 de
1081 966 1179 1007 Uite
1211 967 1349 1018 scola,
1390 966 1428 1007 J.
1464 968 1519 1007 de
1553 966 1678 1018 Sora,
1720 967 1771 1006 N.
1806 967 1861 1007 de
1894 967 2011 1006 Tuta
2044 966 2177 1013 ualle,

521 1038 559 1076 J.
601 1038 657 1077 de
699 1041 816 1078 Loco
857 1038 954 1089 Dei,
1005 1039 1061 1079 M,
1103 1040 1158 1079 de
1200 1039 1355 1079 Insula
1392 1039 1487 1091 Dei,
1536 1039 1592 1079 M.
1635 1041 1690 1079 de
1732 1040 1851 1080 Rure
1892 1039 2022 1091 regis,
2070 1039 2177 1079 dicti

521 1111 711 1151 abbates
753 1111 808 1150 de
843 1110 998 1163 Dacia,
1047 1111 1240 1152 salutem
1286 1116 1327 1152 et
1368 1112 1571 1153 caritatis
1604 1111 1860 1152 uisceribus
1893 1112 2175 1152 habundare.

523 1184 668 1236 Super
701 1183 866 1223 iniuria
902 1184 1144 1237 multiplici
1179 1189 1219 1225 et
1252 1184 1494 1225 uexatione
1527 1184 1779 1225 miserabili
1813 1188 1854 1225 et
1886 1184 2084 1224 mirabili
2116 1184 2175 1225 Β.

521 1256 701 1296 abbatis
734 1269 787 1296 ac
820 1261 1078 1297 conuentus
1110 1259 1164 1298 de
1191 1258 1305 1299 Cara
1336 1257 1491 1298 Insula
1525 1257 1701 1297 ordinis
1729 1257 1887 1308 nostri,
1919 1257 2177 1298 Arusiensis

521 1328 743 1382 dyocesis,
777 1341 802 1368 a
835 1329 1027 1370 domino
1062 1330 1140 1381 .T.,
1183 1329 1261 1383 qui
1295 1343 1341 1370 se
1374 1330 1486 1382 gerit
1518 1343 1599 1383 pro
1633 1335 1886 1371 memorate
1918 1330 2177 1371 Arusiensis

522 1386 729 1453 (ecclesie)
770 1401 1001 1454 episcopo,
1050 1402 1189 1449 illata,
1230 1402 1364 1442 uobis
1406 1402 1627 1455 conqueri
1667 1401 1991 1454 compellimur
2030 1402 2176 1455 inpre-

522 1473 651 1524 senti,
698 1473 791 1527 qui,
839 1474 1000 1527 spretis
1047 1474 1298 1527 apostolice
1339 1475 1460 1515 sedis
1499 1474 1750 1528 priuilegijs
1797 1487 1851 1515 ac
1891 1474 2176 1515 libertatibus

522 1546 672 1586 ordini
715 1551 871 1586 nostro
903 1547 1108 1595 indultis,
1156 1547 1351 1588 diuersis
1397 1535 1747 1599 grauaminibus
1789 1552 1828 1588 et
1862 1547 2176 1588 exactionibus

521 1617 703 1658 iniustis
728 1619 902 1659 dictum
936 1624 1221 1660 conuentum
1255 1620 1476 1673 inquietat
1502 1625 1544 1660 et
1574 1620 1797 1665 molestat,
1831 1620 2176 1673 procurationes

521 1691 658 1730 trium
707 1692 1069 1744 septimanarum
1127 1692 1213 1732 sibi
1269 1693 1498 1733 indebitas
1545 1692 1786 1745 exigendo,
1844 1692 2175 1733 monasterium

522 1764 673 1817 ipsum
707 1768 881 1804 armata
919 1778 1056 1805 manu
1094 1764 1260 1805 ints-ans
1303 1779 1393 1805 non
1435 1766 1532 1806 sine
1571 1776 1737 1818 magna
1781 1764 1948 1806 iniuria
1988 1778 2041 1806 ac
2074 1777 2176 1805 con-

523 1836 709 1877 tumelia
772 1838 938 1877 domus
1001 1837 1164 1878 ianuas
1221 1837 1338 1878 infra
1395 1842 1521 1891 septa
1578 1838 1841 1891 monasterij
1907 1838 2175 1879 constitutas

522 1907 883 1963 colif1·in}}gemio,
943 1910 1154 1951 abbatem
1206 1915 1246 1950 et
1293 1915 1573 1951 conuentum
1623 1911 2071 1951 excommunicando
2119 1911 2175 1950 ob

522 1983 610 2022 hoc
643 1982 808 2031 solum,
842 1984 967 2037 quod
1000 1983 1211 2023 abbatem
1249 1983 1292 2023 in
1328 1983 1487 2024 litteris
1520 1984 1615 2024 suis
1649 1984 1905 2024 secundum
1938 1983 2173 2038 antiquam

521 2055 695 2095 ordinis
738 2055 1121 2096 consuetudinem
1170 2069 1216 2096 se
1261 2057 1481 2109 appellat:
1530 2069 1613 2097 nec
1660 2070 1753 2097 non
1801 2060 1843 2096 et
1888 2056 2006 2097 infra
2054 2055 2172 2096 diem

521 2128 737 2181 colloquii
787 2141 810 2167 a
859 2127 1049 2168 domino
1083 2129 1149 2169 ,Ν
1200 2129 1486 2181 wibergensi
1534 2129 1773 2182 episcopo,
1823 2128 2014 2169 illustris
2062 2128 2175 2180 regis

475 2209 489 2237 ἴ
524 2201 760 2240 Danorum
811 2200 1106 2247 cancellario,
1163 2206 1204 2242 et
1258 2202 1536 2255 quibusdam
1586 2201 1688 2255 alijs
1734 2202 1859 2253 regni
1907 2201 2173 2242 melioribus

522 2286 658 2326 super
705 2273 951 2313 concordia
999 2273 1116 2314 inter
1160 2273 1313 2327 ipsum
1355 2279 1396 2314 et
1436 2275 1607 2315 dictam
1648 2275 1840 2315 domum
1882 2274 2172 2314 reformanda

521 2330 762 2397 (acceptum
797 2348 836 2384 el
866 2331 1057 2397 initum),
1092 2349 1133 2385 et
1158 2345 1216 2385 ab
1239 2345 1480 2386 audiencia
1506 2359 1587 2386 sua
1611 2347 1668 2386 ad
1692 2346 1846 2386 sedem
1874 2345 2170 2398 apostolicam

521 2429 543 2454 a
588 2415 778 2456 domino
820 2416 984 2457 abbate
1024 2416 1221 2469 legitime
1264 2418 1572 2471 appellatione
1606 2418 1772 2458 emissa
1806 2422 1848 2458 et
1879 2418 2033 2458 adhuc
2072 2430 2174 2470 pen-

521 2489 668 2539 dente,
716 2501 821 2529 cum
856 2489 997 2530 nichil
1031 2489 1128 2530 iure
1161 2489 1376 2530 innouari
1409 2491 1579 2542 debuit,
1627 2490 1851 2530 familiam
1892 2490 2075 2531 illorum
2118 2490 2172 2529 ad

522 2561 807 2613 presenciam
842 2574 973 2601 suam
1007 2562 1178 2613 citauit,
1212 2562 1443 2603 interdixit
1479 2567 1518 2603 et
1544 2563 1602 2603 ab
1628 2575 1679 2603 ea
1706 2562 1950 2616 pecuniam
1977 2562 2171 2603 extorsit.

522 2632 716 2685 Insuper
761 2633 973 2674 abbatem
1025 2638 1065 2673 et
1112 2638 1415 2685 conuentum,
1478 2634 1638 2676 diuino
1695 2635 1859 2675 timore
1906 2635 2172 2688 postposito,

520 2705 755 2746 maliciose
810 2706 1014 2746 illusioni
1070 2710 1109 2746 et
1165 2707 1429 2759 calumpnie
1482 2708 1759 2748 secularium
1808 2719 2035 2760 exponere
2081 2719 2171 2747 non

522 2781 714 2818 tueretur.
765 2779 893 2819 Vnde
926 2779 1183 2831 periculum
1211 2791 1516 2831 personarum
1544 2783 1586 2819 et
1610 2780 1728 2820 dicte
1752 2780 1919 2820 domus
1945 2779 2170 2820 excidium

522 2850 565 2889 in
600 2850 729 2890 breui
763 2850 858 2891 fore
891 2850 1211 2901 formidamus,
1248 2851 1335 2891 nisi
1369 2856 1522 2892 uestro
1554 2851 1791 2892 iuuamine
1824 2864 1877 2892 ac
1909 2851 2101 2892 consilio
2133 2853 2173 2890 et

522 2925 676 2962 sancte
717 2922 837 2963 sedis
876 2923 1127 2976 apostolice
1167 2923 1447 2976 protectione
1488 2923 1605 2964 dicte
1646 2925 1813 2964 domus
1853 2923 2035 2964 uexatio
2075 2935 2171 2976 pro-

615 3031 671 3066 19.
706 3032 867 3067 intrans
891 3032 1043 3077 addidi,
1076 3032 1147 3078 cfr.
1166 3044 1203 3078 p.
1222 3032 1399 3075 2⁴24stst
1431 3033 1630 3068 intrando
1652 3032 1875 3078 Lanyebelc.
1942 3033 2004 3068 27.
2031 3042 2170 3077 accep-

524 3092 604 3123 tam
639 3092 676 3124 ct
710 3090 852 3124 initam
888 3089 1039 3132 addidi,
1074 3089 1143 3135 cfr.
1174 3101 1212 3135 p.
1247 3089 1338 3127 222.
1360 3089 1413 3124 33
1428 3100 1483 3136 sq.
