2242 3551
449 626 467 656 ΕΠ

426 987 467 1018 10

319 1261 380 1292 fol.
395 1256 467 1291 28¹1

426 1514 466 1544 15

424 1876 467 1906 20

322 2530 381 2561 fol.
398 2526 466 2561 29‘.

426 2601 468 2632 30

495 201 577 240 364
839 209 1114 239 SCRIPTORES
1147 209 1374 238 ffls‘romAE
1408 209 1584 237 DANICAE
1616 209 1816 241 MlNoREs

494 325 625 367 Vnde
656 324 857 378 oportuit
888 335 993 363 eum
1027 322 1091 363 ire
1123 323 1182 363 ad
1214 322 1362 363 bonos
1396 322 1681 364 Christianos
1717 325 2026 366 mendicando
2058 324 2151 365 vite

495 397 765 447 necessaria,
798 401 839 436 et
871 396 959 436 hoc
991 395 1078 435 sub
1110 394 1476 446 fideiussoribus,
1509 407 1566 435 ne
1598 396 1656 436 ab
1690 397 1754 438 eis
1778 398 2019 446 recederet,
2052 401 2094 437 et
2112 405 2150 439 ὃ.

496 471 551 511 Et
589 470 692 510 licet
729 468 962 522 predictus
1001 467 1152 507 bonus
1194 471 1322 520 pater
1359 467 1642 519 guardianus
1682 473 1725 509 et
1756 469 1827 509 sui
1858 469 2019 510 fratres
2049 470 2147 510 reli·

495 546 691 596 querunt
729 541 852 581 bona
891 540 1105 580 victualia
1148 540 1195 580 in
1235 540 1516 580 monasterio
1554 543 1761 593 tempore
1799 542 2149 594 profligationis,

494 614 636 655 nichil
674 618 828 654 tamen
870 626 951 665 pro
989 612 1112 653 victu
1150 612 1256 653 inde
1288 613 1458 653 habere
1490 616 1751 665 potuerunt.
1816 614 1910 655 Hec
1942 618 1983 655 et
2014 615 2147 667 plura

493 687 581 728 alia
609 687 767 726 fratres
792 686 1070 726 Ystadenses
1102 689 1308 738 tempore
1341 698 1421 725 sue
1453 685 1737 738 expulsionis
1770 686 1828 727 ab
1860 686 2150 740 impiissimis

495 758 735 800 Luteranis
781 758 1118 807 sustinuerunt,
1166 758 1289 811 quod
1338 757 1540 810 prefatus
1588 762 1716 810 pater
1761 758 1898 799 frater
1941 760 2147 800 Andreas

495 831 708 883 Bertoldi,
756 830 961 871 eiusdem
995 829 1264 870 monasterii
1296 830 1592 883 guardianus,
1637 831 1791 871 retulit
1821 831 1978 884 michi,
2021 832 2148 872 fratri

494 905 687 944 Erasmo
722 903 874 952 Olaui,
916 904 962 943 in
995 903 1116 943 bona
1150 902 1240 942 fide
1272 906 1313 942 et
1345 902 1625 943 conscientia
1660 917 1762 944 sua:
1810 905 2151 957 protestabatur

493 977 632 1017 verbo
685 980 726 1017 et
780 976 949 1028 scripto
1003 975 1298 1028 iurabatque,
1361 988 1498 1028 super
1544 976 1633 1017 hoc
1684 977 1823 1017 deum
1870 977 2147 1017 altissimum

492 1049 770 1102 inuocando,
805 1048 1054 1101 prescripta
1088 1047 1323 1088 verissime
1356 1047 1613 1100 contigisse.
1647 1046 1658 1102 Η

738 1252 844 1305 Cap.
879 1251 999 1291 XIII.
1034 1248 1045 1305 Η
1077 1252 1149 1291 De
1183 1250 1478 1291 Conuentu
1512 1251 1904 1293 Nestuedensi.

592 1324 829 1402 Historia
877 1371 956 1398 seu
1005 1358 1173 1398 modus
1221 1358 1505 1411 expulsionis
1551 1358 1745 1399 fratrum
1796 1359 1919 1400 illius
1966 1360 2148 1400 cenobii

496 1431 834 1483 NestuedensiS,
868 1444 990 1471 anno
1016 1430 1194 1470 domini
1218 1442 1452 1482 M.D.xxle,
1483 1444 1650 1485 nempe
1675 1432 1815 1472 altera
1840 1432 1912 1472 die
1931 1433 2149 1485 Assump-

494 1504 630 1545 tionis
668 1504 997 1556 gloriosissime
1038 1502 1227 1555 virginis
1268 1503 1424 1555 Marie,
1471 1504 1713 1544 occasione
1760 1508 1801 1544 et
1847 1504 2022 1555 ordine,
2069 1504 2147 1558 qui

493 1577 709 1630 sequitur.
775 1576 1096 1617 Comminatus
1129 1576 1251 1616 enim
1285 1575 1433 1615 fuerat
1465 1576 1703 1628 sepissime
1736 1576 2041 1630 impiissimus
2073 1577 2149 1617 ille

493 1650 734 1700 hereticus,
781 1648 1000 1688 dominus
1034 1649 1229 1700 Magnus
1263 1649 1369 1699 Goe,
1415 1648 1588 1689 diaboli
1637 1653 1679 1689 et
1718 1662 1880 1690 seruus
1920 1653 1962 1689 et
2001 1649 2149 1701 miles,

494 1736 539 1763 se
570 1722 694 1762 illius
726 1721 815 1762 loci
846 1721 1005 1761 fratres
1039 1722 1355 1774 expulsurum,
1402 1725 1555 1774 vtpote
1588 1721 1719 1762 cuius
1752 1734 1870 1761 auus
1900 1722 2073 1762 ibidem
2107 1725 2148 1762 et

493 1808 605 1835 vxor
652 1794 816 1847 sepulti
864 1793 1058 1846 fuerant,
1105 1807 1315 1846 anusque
1363 1793 1552 1834 calicem
1600 1794 1693 1834 illic
1739 1807 1821 1847 pro
1869 1795 2022 1834 anime
2066 1807 2146 1834 sue

493 1867 722 1919 refrigerio
756 1867 993 1918 obtulerat,
1027 1879 1161 1920 quem
1198 1871 1239 1907 et
1268 1866 1485 1906 fratribus
1511 1866 1714 1919 expulsis
1739 1866 1939 1907 abstulit.
1990 1867 2145 1907 Primo

494 1940 589 1993 ipse
638 1941 832 1991 Magnus
879 1940 970 1980 Goe
1026 1944 1269 1980 curauerat
1324 1939 1433 1979 illuc
1485 1939 1740 1979 Luteranos
1798 1939 2146 1980 concionatores

492 2012 866 2062 introducendos,
913 2016 954 2051 et
993 2016 1152 2052 contra
1194 2011 1355 2051 fratres
1398 2012 1597 2051 clamare
1628 2011 1807 2052 fecerat.
1871 2012 2007 2062 Quod
2040 2024 2145 2051 cum

493 2085 652 2125 iuuare
678 2098 770 2125 non
796 2088 961 2137 posset,
996 2084 1120 2124 misit
1148 2084 1257 2124 illuc
1279 2085 1507 2137 quosdam
1531 2084 1708 2124 ordinis
1732 2084 1875 2124 nostri
1900 2087 2147 2137 apostatas,

492 2171 658 2210 nempe
695 2158 924 2198 Joannem
969 2157 1227 2208 Kogensem
1273 2161 1314 2196 et
1352 2156 1536 2196 fratrem
1577 2156 1820 2197 Nicolaum
1863 2156 2145 2208 Christierni,

425 2245 432 2254 ·
493 2229 693 2281 insignes
739 2230 1014 2280 nebulones,
1062 2229 1141 2282 qui
1188 2228 1340 2269 fratris
1387 2229 1569 2269 Erasmi
1614 2228 1771 2280 Olaui,
1817 2229 1989 2269 ibidem
2036 2233 2147 2269 tunc

494 2302 673 2342 lectoris
706 2306 746 2342 et
778 2302 885 2342 fidei
918 2302 1286 2354 propugnatoris,
1331 2301 1601 2341 concionem
1635 2302 1946 2341 obseruarent.
2010 2301 2147 2351 Quod

494 2387 597 2414 cum
640 2374 866 2426 fecissent,
914 2375 1141 2427 quosdam
1186 2387 1239 2414 ex
1280 2373 1502 2414 concione
1534 2373 1631 2413 eius
1664 2377 1882 2413 notarunt
1914 2373 2145 2425 articulos,

494 2450 646 2499 vtpote
679 2447 832 2486 minus
867 2460 1011 2498 veros,
1058 2451 1103 2487 vt
1135 2446 1248 2499 ipsis
1280 2447 1431 2487 visum
1465 2450 1573 2496 erat,
1620 2446 1723 2486 licet
1755 2445 1893 2495 falso,
1939 2459 2055 2498 quos
2087 2446 2144 2486 ad

495 2519 648 2570 Magni
688 2532 822 2559 aures
853 2516 864 2572 Η
895 2519 1168 2559 detulerunt.
1233 2519 1356 2558 Misit
1394 2518 1530 2570 igitur
1563 2519 1757 2570 Magnus
1797 2517 1872 2557 ille
1906 2518 2011 2567 Goe,
2059 2519 2146 2558 hac

494 2591 735 2632 occasione
758 2591 929 2643 habita,
952 2591 1203 2644 prohibens
1225 2591 1379 2644 ipsum
1402 2591 1587 2631 fratrem
1608 2591 1855 2630 Erasmum
1880 2594 2144 2644 ceterosque

428 2674 432 2676 ·
494 2664 799 2704 concionandi
848 2676 1039 2713 munus,
1101 2664 1248 2703 donec
1301 2675 1455 2703 coram
1505 2676 1587 2703 sua
1635 2662 1902 2703 strenuitate
1947 2660 2145 2703 ve'nisset

494 2735 710 2775 articulos
734 2736 836 2775 illos
862 2736 1146 2776 defensurus.
1197 2735 1402 2788 Sumpsit
1433 2735 1569 2787 igitur
1596 2734 1745 2775 dictus
1769 2734 1906 2774 frater
1924 2735 2144 2774 Erasmus

581 2844 616 2881 9.
665 2844 776 2880 bona
823 2845 904 2880 fide
951 2848 990 2880 et
1028 2855 1187 2887 conso,
1232 2843 1302 2889 cfr.
1348 2843 1516 2880 Timoth.
1548 2844 1578 2891 I,
1612 2844 1729 2889 1,19.
1809 2845 1871 2879 11.
1919 2844 2144 2890 contigisse

494 2900 559 2935 Sic.
592 2901 655 2935 W.
742 2903 800 2937 14.
848 2902 978 2937 altera
1025 2902 1091 2937 die
1137 2901 1698 2948 Assun1p.=16.Au9usti.
1781 2902 1956 2937 16—17.
2003 2901 2144 2936 omnia

496 2956 613 2992 uerba
645 2958 946 3003 impiissimus.
967 2988 973 2994 .
992 2959 1112 2994 miles
1138 2959 1177 2994 in
1202 2959 1255 2994 W
1280 2958 1483 2994 deleuerat
1499 2959 1552 3002 D,
1583 2959 1652 2994 sed
1684 2958 1856 2993 restituit
1871 2957 2006 2993 Arnas
2031 2957 2073 2993 in
2099 2957 2144 3002 C,

494 3016 530 3048 et
568 3014 649 3048 iam
688 3013 771 3058 fere
813 3015 852 3050 in
893 3017 938 3051 B.
1017 3016 1081 3051 26.
1125 3016 1454 3062 propugnatoris
1493 3014 1587 3060 BC,
1633 3015 1959 3061 propugnatoris
1991 3015 2054 3059 W,
2103 3016 2148 3050 αἱ

493 3070 639 3115 soepius
670 3070 866 3107 scribitur.
930 3072 991 3108 32.
1025 3072 1120 3108 illos
1153 3073 1355 3109 articulos
1390 3072 1422 3107 K
1453 3082 1596 3108 errore.
