2242 3551
405 950 446 981 10

406 1312 447 1343 15

406 1675 449 1706 20

289 1820 363 1851 Fol.
378 1815 449 1850 26V.

406 2037 449 2067 25

409 2398 451 2428 30

410 2758 452 2788 35

474 165 552 203 198
814 173 1089 203 SCRIPTORES
1122 174 1352 204 HisromAE
1385 174 1562 203 DANICAE
1594 174 1794 203 M1NoREs

471 289 745 339 contulerat,
793 288 932 328 aliam
973 292 1146 341 partem
1190 302 1295 329 cum
1338 288 1463 341 puris
1496 287 1696 328 denariis
1730 292 1770 328 et
1803 288 1938 340 pleno
1973 287 2126 340 precio

471 362 527 402 ab
570 362 669 414 ipso
710 360 1109 414 comparauimus3
1156 361 1342 402 terciam
1392 365 1566 413 partem
1616 361 1670 400 de
1718 360 1932 400 ι1011311116
1970 361 2128 401 Judaes

471 447 553 487 pro
588 433 936 486 Horningthorp
968 433 1384 483 commutauimus·,
1432 437 1472 474 et
1519 433 1583 473 sic
1614 436 1708 473 tota
1740 433 1891 472 insula
1923 437 2128 485 tempore

471 505 675 559 episcopi
716 505 835 545 Petri
876 505 1068 545 Elafsun
1111 510 1266 546 nostra
1310 510 1417 558 erat,
1465 510 1506 546 et
1554 505 1686 546 nobis
1734 504 1877 557 ipsius
1926 504 2129 557 episcopi

473 579 620 631 sigillo
653 581 695 618 et
727 577 1079 618 confirmatione
1112 578 1262 619 valida
1297 579 1642 631 multorumque
1676 578 1906 618 bonorum
1950 576 2130 629 scriptis

472 656 513 693 et
546 650 821 691 testimoniis
853 650 1096 702 assignata,
1132 651 1192 691 ita
1226 652 1347 704 quod
1383 650 1702 704 quinquennio
1733 654 1774 689 et
1799 649 1999 702 amplius
2025 653 2129 689 ante

472 728 666 765 mortem
715 722 920 776 episcopi
967 723 1012 763 in
1055 736 1105 763 ea
1147 724 1394 764 residerent
1443 723 1603 763 fratres
1650 722 1793 763 nostri
1841 722 1938 762 sine
1985 721 2130 774 queri·

472 796 642 847 monia,
682 809 843 836 omnes
876 796 1167 836 ususfructus
1200 796 1514 849 percipientes.
1579 796 1759 835 Mortuo
1791 795 1978 835 tandem
2011 794 2130 834 bone

472 869 693 910 memorie
726 868 901 922 prefato
934 868 1165 921 episcopo,
1215 869 1346 908 Petro
1381 868 1514 908 Elaui
1548 867 1658 919 filio,
1691 871 1733 908 et
1766 868 1888 921 apud
1922 880 2019 919 nos,
2055 866 2130 907 vbi

474 942 759 995 sepulturam
793 941 999 993 elegerat,
1032 941 1078 980 in
1113 954 1235 981 noua
1269 941 1458 982 ecclesia
1493 945 1597 981 ante
1630 941 1770 981 altare
1804 944 1958 980 sancte
1989 939 2131 980 Marie

473 1027 653 1067 semper
685 1013 887 1065 virginis,
920 1017 966 1054 vt
1000 1013 1164 1065 decuit,
1199 1013 1453 1054 honorifice
1485 1013 1737 1064 recondito,
1771 1014 1958 1053 demum
1988 1016 2130 1051 trans-

473 1087 585 1128 actis
617 1086 764 1126 tribus
796 1085 944 1137 annis,
991 1086 1211 1139 quoniam
1258 1086 1312 1126 lis
1354 1090 1449 1126 erat
1480 1086 1526 1126 111
1560 1085 1765 1135 ecclesia,
1811 1085 1913 1138 quis
1946 1083 2131 1124 canoni-

474 1172 633 1201 corum
667 1158 876 1199 omnium
910 1157 1140 1199 videretur
1167 1171 1264 1198 esse
1290 1159 1452 1211 maior,
1485 1157 1685 1211 optinuit
1704 1159 1863 1198 Petrus
1881 1157 2130 1208 Vghaetsun

474 1232 804 1285 episcopatum.
856 1230 941 1271 Hic
973 1231 1107 1271 nobis
1139 1235 1243 1271 ante
1279 1231 1361 1271 fuit
1388 1231 1660 1280 contrarius,
1693 1235 1734 1271 et
1759 1242 1940 1283 semper
1965 1230 2130 1269 domus

474 1308 626 1345 nostre
659 1303 876 1344 fratribus
908 1302 1138 1343 inimicus.
1188 1304 1274 1344 Sed
1308 1304 1535 1344 habemus
1563 1304 1609 1343 111
1636 1304 1721 1344 deo
1750 1302 1974 1354 fidutiam,
2007 1301 2130 1355 quod

474 1381 652 1418 mutare
685 1376 849 1416 debeat
881 1379 1081 1415 mentem
1115 1375 1213 1415 eius
1245 1376 1291 1416 in
1327 1377 1490 1417 melius
1523 1381 1564 1416 et
1597 1376 1748 1429 ipsum
1793 1376 1947 1415 adhuc
1979 1375 2131 1414 denuo

474 1451 530 1490 ad
572 1461 779 1497 amorem
822 1452 1031 1488 nostrum
1079 1449 1310 1501 reducere,
1357 1453 1416 1500 vt,
1463 1450 1587 1503 quod
1634 1448 1681 1488 in
1728 1448 1863 1488 nobis
1911 1448 2132 1487 hactenus

475 1522 741 1575 deliquerat,
775 1521 919 1574 possit
950 1525 1262 1574 competenter
1286 1522 1330 1562 in
1357 1522 1587 1575 reliquum
1614 1521 1871 1561 emendare.
1920 1521 1956 1560 A
1982 1520 2131 1572 primo

475 1594 629 1647 itaque
661 1593 953 1646 episcopatus
987 1593 1056 1633 sui
1090 1598 1294 1646 tempore
1328 1594 1445 1647 cepit
1486 1595 1735 1634 aduersum
1778 1606 1862 1633 nos
1894 1603 2048 1644 agere,
2093 1595 2134 1631 et

476 1667 679 1720 primum
719 1665 948 1718 Sythring,
996 1670 1037 1706 et
1078 1666 1298 1719 quicquid
1339 1666 1432 1706 illic
1471 1666 1735 1718 habuimus,
1784 1666 1917 1705 nobis
1950 1664 1996 1704 111
2029 1677 2133 1704 con—

474 1738 667 1779 trarium
708 1737 998 1778 disturbauit.
1062 1739 1098 1778 A
1145 1751 1237 1792 quo
1285 1738 1513 1791 compulsi
1555 1740 1609 1779 ad
1662 1739 1874 1778 ultimum
1918 1736 2133 1790 Sythring

476 1812 641 1852 iterum
675 1823 756 1864 pro
793 1810 1140 1863 Horningthorp
1172 1811 1376 1852 Johanni
1408 1812 1566 1852 Judaes
1597 1810 1608 1865 ΙΙ
1640 1811 1923 1864 reliquimus.
1986 1810 2052 1861 Et,
2085 1813 2133 1849 ut

477 1888 593 1924 esset
624 1883 824 1923 amicitia
858 1886 899 1923 et
932 1883 1061 1922 firma
1091 1883 1338 1923 concordia
1365 1884 1481 1923 inter
1505 1884 1757 1924 claustrum
1783 1887 1823 1923 et
1848 1883 2132 1936 episcopum,

477 1969 582 1997 cum
630 1956 792 1996 eodem
839 1956 1075 2009 quandam
1124 1956 1480 1996 conuentionem
1523 1956 1737 1996 fecimus:
1786 1956 1940 1995 adhuc
1986 1957 2133 2007 preter

477 2041 638 2069 omnes
671 2040 908 2080 expensas,
956 2040 1069 2081 quas
1104 2040 1185 2080 pro
1219 2028 1379 2068 eadem
1415 2029 1565 2069 insula
1598 2028 1864 2079 habuimus,
1908 2031 1955 2067 vt
1993 2027 2133 2067 libere

476 2101 754 2141 haberemus
796 2100 1162 2153 Horningthorp,
1211 2104 1252 2140 et
1298 2113 1354 2141 ne
1401 2100 1518 2140 ultra
1566 2103 1621 2141 de
1666 2100 1881 2154 Sythring
1928 2098 2131 2152 episcopi

478 2174 550 2213 uel
597 2172 928 2213 canonicorum
976 2172 1264 2226 querimonia
1311 2185 1625 2225 grauaremur,
1677 2173 1904 2225 octoginta
1955 2183 2133 2211 marcas

479 2245 774 2286 denariorum
809 2245 945 2285 burse
978 2245 1086 2285 dicti
1120 2245 1323 2298 episcopi
1356 2245 1614 2297 iniecimus,
1648 2245 1822 2285 nullam
1857 2244 2047 2296 gratiam
2074 2243 2132 2283 ab

478 2319 639 2359 eodem
673 2317 849 2369 exinde,
883 2330 975 2358 non
1008 2330 1034 2357 a
1067 2317 1262 2357 subditis
1295 2317 1390 2357 suis
1423 2322 1594 2370 postea,
1628 2318 1714 2357 nisi
1742 2317 1837 2357 sola
1862 2316 2132 2369 grauamina

478 2393 520 2430 et
551 2394 799 2443 apparatus
841 2389 1116 2443 multiplices
1154 2393 1452 2442 reportantes.
1517 2391 1603 2430 Pro
1644 2390 1732 2430 hiis
1772 2389 1926 2443 itaque
1959 2392 2000 2429 et
2031 2388 2132 2429 aliis

478 2463 748 2503 huiusmodi
772 2462 936 2514 causis,
961 2475 1076 2515 quas
1100 2475 1370 2502 enumerare
1394 2463 1583 2514 longum
1610 2466 1688 2513 est,
1716 2462 1791 2502 ille
1816 2462 1964 2502 bonus
1990 2461 2131 2501 homo

478 2535 622 2575 abbas
663 2535 914 2585 Johannes,
962 2535 1098 2586 longo
1147 2535 1296 2574 uictus
1343 2535 1464 2575 tedio
1512 2540 1553 2575 et
1600 2538 1872 2586 aggrauatus
1920 2533 2131 2585 nimium,

479 2619 584 2647 cum
617 2607 789 2647 doleret
821 2619 960 2659 supra
992 2607 1185 2646 modum
1220 2607 1398 2658 cotidie,
1442 2620 1564 2647 anno
1604 2606 1782 2647 domini
1815 2594 2020 2647 .1s‘i.e⁰c.2‘<'l.1‘{1.
2053 2604 2130 2644 diu

479 2679 667 2732 petitam
700 2683 741 2719 et
774 2678 1048 2719 multociens
1080 2678 1327 2719 difficulter
1358 2679 1544 2719 tandem
1578 2678 1777 2731 optinuit
1808 2677 2076 2718 cessionem.

567 2751 669 2801 Quo
703 2752 904 2803 cedente,
951 2750 1242 2791 substituitur
1275 2751 1492 2792 dominus
1525 2752 1670 2791 abbas
1703 2751 1935 2801 Olauus,
1981 2750 2026 2789 in
2059 2749 2131 2789 die

479 2823 624 2863 sancti
660 2823 842 2863 Martini
875 2823 1076 2876 episcopi
1112 2823 1315 2863 eiusdem
1350 2824 1472 2864 anni.
1538 2824 1622 2863 Hic
1654 2823 1821 2875 prefuit
1853 2821 2131 2862 monasterio

566 2921 602 2958 2.
650 2920 789 2956 iudaeS
837 2918 910 2964 C5,
961 2920 1052 2955 item
1101 2919 1280 2965 inferius.
1389 2921 1450 2956 11.
1500 2931 1667 2966 semper
1712 2930 1799 2965 sup.
1847 2930 1880 2955 υ.
1926 2918 2019 2955 add.
2067 2916 2130 2954 C5.

483 2978 544 3012 12.
577 2978 676 3013 trib9
709 2978 748 3013 in
777 2988 907 3023 marg.
931 2977 1136 3022 suppleuit
1167 2975 1232 3013 C5.
1297 2977 1359 3013 35.
1396 2977 1435 3013 ἰη
1470 2978 1657 3023 maryine.
1689 2976 1931 3013 rubricator:
1966 2975 2130 3011 Abbas

481 3035 683 3070 tercius
717 3035 964 3070 decimus¹
