2242 3551
455 209 690 239 EXORDIVM
725 209 1001 239 MONASTERu
1034 210 1163 239 CARAE
1197 211 1368 239 INSVLAE
1660 201 1733 241 191

82 327 321 382 grauabat,
369 324 562 367 cedendi
604 323 911 378 episcopatui,
958 337 1064 366 cum
1114 325 1270 377 uellet,
1320 326 1506 366 haberet
1547 326 1735 366 liberam

84 400 364 451 facultatem,
413 397 694 451 arbitrjoque
742 401 819 437 tuo
868 397 1120 449 commisit,
1168 402 1217 438 ut
1263 398 1300 451 ej
1349 399 1404 439 de
1446 398 1738 453 episcopatus

81 472 346 520 redditibus,
389 484 506 526 quos
548 470 801 524 plurimum
836 473 1230 523 augmentauerat,
1277 471 1425 512 taliter
1457 471 1738 525 prouideres,

84 550 131 588 ut
161 558 241 586 sue
273 543 620 586 sustentationis
651 542 834 584 occasio
866 543 981 582 nulli
1014 543 1230 597 deinceps
1263 554 1513 596 grauamen
1539 544 1735 585 inferret.

84 619 175 661 Nos
206 618 355 670 igitur,
401 621 477 658 tue
519 620 656 670 atque
688 615 811 656 illius
846 616 1144 668 postulationi
1177 629 1381 657 annuere
1413 617 1458 657 in
1493 618 1580 658 hac
1614 622 1738 671 parte

84 691 309 743 uolentes,
360 689 629 743 fraternitatj
680 693 755 729 tue
802 701 882 742 per
927 688 1180 741 apostolica
1229 689 1396 742 scripta
1446 691 1738 743 mandamus,

82 764 296 820 quatinus
337 763 484 804 eidem
534 762 766 816 episcopo,
814 775 866 802 ex
913 775 1005 817 quo
1052 761 1156 803 talis
1204 766 1269 802 est
1316 763 1533 803 uoluntas
1579 764 1738 817 ipsius,

83 836 418 890 necessitasque
473 834 722 885 incumbit,
785 834 1056 875 auctoritate
1113 839 1267 876 nostra
1325 835 1501 876 tribuas
1547 837 1738 878 cedendi

83 909 310 951 licentiam
360 912 402 949 et
448 908 695 962 prouideas
742 907 867 948 iuxta
915 907 1179 949 facultatem
1229 908 1417 949 ecclesie
1465 923 1566 962 sue,
1617 910 1739 950 unde

83 994 293 1035 congrue,
341 983 493 1036 quoad
535 981 713 1029 uixerit,
757 981 910 1022 ualeat
948 981 1207 1022 sustentari.
1272 982 1365 1022 Nos
1398 986 1566 1034 autem,
1614 984 1737 1036 quod

83 1069 217 1109 super
249 1056 337 1096 hoc
368 1055 553 1097 duxeris
586 1054 866 1107 faciendum,
908 1059 1059 1095 ratum
1096 1055 1363 1096 habendum
1398 1056 1656 1108 statujmus,
1698 1059 1738 1095 et

83 1129 359 1183 precipimus
392 1127 721 1169 inuiolabiliter
753 1127 1004 1181 obseruarj.

770 1316 868 1363 Cap.
902 1316 1051 1352 XXXV.

436 1397 493 1434 De
526 1398 609 1434 fine
643 1397 728 1433 uite
760 1396 921 1433 domini
956 1397 1162 1433 Svenonis
1195 1397 1397 1444 episcopi.

177 1468 429 1557 Rstquam
455 1503 539 1544 has
564 1502 736 1543 litteras
762 1503 976 1556 suscepit,
1001 1501 1241 1543 confestim
1268 1501 1393 1542 misit
1419 1504 1604 1543 nuntios
1633 1515 1741 1543 suos

83 1578 138 1618 ad
169 1576 588 1630 archiepiscopum,
621 1576 847 1616 domnum
883 1574 1098 1616 uidelicet
1130 1575 1429 1616 Brandanum
1464 1575 1662 1629 priorem
1699 1579 1740 1616 et

83 1652 307 1692 domnum
345 1649 609 1691 Johannem
653 1649 952 1700 monachum,
1000 1652 1050 1688 ut
1088 1648 1128 1689 ei
1169 1652 1474 1700 suggererent,
1521 1649 1740 1702 quatinus

83 1724 336 1782 secundum
392 1722 663 1763 mandatum
719 1721 880 1762 domni
934 1720 1174 1774 apostolicj
1229 1725 1434 1762 tenorem
1485 1721 1738 1762 litterarum

83 1810 217 1851 opere
260 1795 542 1849 adimpleret.
607 1794 693 1835 Sed
741 1798 989 1848 antequam
1039 1793 1239 1835 redirent
1279 1795 1351 1835 uel
1393 1794 1642 1848 quicquam
1684 1795 1740 1835 de

84 1869 169 1910 sibi
210 1868 427 1910 iniunctis
469 1867 683 1919 facerent,
730 1867 991 1920 audierunt,
1038 1868 1162 1921 quod
1197 1867 1441 1921 episcopus
1474 1867 1740 1908 infirmitate

84 1946 318 1996 correptus
357 1942 412 1982 de
453 1942 540 1982 hac
587 1940 680 1981 uita
727 1940 1008 1981 decessisset.
1047 1937 1059 1994 Η
1099 1939 1306 1995 Denique
1346 1953 1450 1981 cum
1493 1940 1736 1994 episcopus

83 2015 394 2056 infirmaretur
440 2014 564 2068 apud
611 2013 856 2067 Ostthorp,
909 2013 970 2054 ita
1019 2018 1069 2054 ut
1115 2027 1263 2067 neque
1309 2013 1544 2054 transferri
1592 2026 1740 2066 neque

1767 989 1807 1019 10

1767 1582 1808 1613 15

1763 1949 1805 1979 20
1833 1948 1906 1980 Fol.
1921 1944 1992 1980 22V.

85 2088 259 2129 moueri
293 2091 478 2141 propter
511 2086 794 2127 nimietatem
828 2086 1001 2127 doloris
1034 2087 1127 2127 ullo
1161 2087 1300 2127 modo
1334 2086 1568 2140 potuisset,
1616 2086 1741 2126 misit

86 2173 165 2214 pro
211 2161 385 2201 domno
432 2160 597 2201 abbate
640 2159 938 2200 Willelmo
981 2163 1022 2200 et
1063 2159 1295 2210 fratribus,
1342 2171 1447 2200 cum
1490 2159 1659 2214 quibus
1699 2162 1739 2200 et

86 2244 165 2285 ego
198 2233 334 2274 etiam
367 2233 550 2274 adueni.
614 2232 700 2273 Sed
732 2232 832 2286 ipsa
866 2231 953 2284 die,
992 2246 1081 2286 qua
1116 2232 1260 2273 abbas
1293 2232 1432 2284 uenit,
1473 2231 1740 2272 infirmitate

84 2306 429 2359 ingrauescente
476 2305 619 2346 nichil
666 2305 793 2359 loqui
840 2305 1001 2359 potuit.
1077 2306 1285 2346 Secunda
1336 2318 1445 2346 uero
1493 2305 1584 2356 die,
1631 2317 1736 2345 cum

85 2378 327 2420 infirmitas
375 2378 530 2419 mitior
576 2377 693 2419 facta
737 2382 867 2430 esset,
914 2382 1107 2419 uocatus
1155 2378 1300 2419 abbas
1346 2377 1465 2431 cepit
1512 2390 1616 2418 eum
1665 2378 1740 2418 ad-

86 2463 270 2492 monere
303 2452 358 2492 de
391 2451 536 2491 salute
568 2451 723 2492 anime
756 2464 850 2502 sue,
890 2452 945 2491 de
978 2451 1281 2502 confessione,
1324 2451 1378 2490 de
1411 2449 1642 2501 unctione,
1684 2451 1739 2490 de

86 2523 413 2564 communione
460 2524 666 2578 corporis
713 2528 753 2564 et
801 2523 1038 2576 sanguinis
1085 2523 1283 2573 domini;
1337 2536 1476 2577 quam
1532 2523 1739 2563 admoni-

85 2595 255 2637 tionem
297 2596 393 2651 ipse
431 2596 624 2637 libenter
655 2608 759 2637 cum
794 2596 1044 2649 gratiarum
1078 2596 1256 2638 actione
1289 2595 1501 2649 suscepit.
1566 2596 1739 2649 Loque-

87 2668 219 2709 batur
250 2673 404 2710 autem
436 2673 546 2710 tunc
578 2669 717 2710 libere
750 2682 855 2710 cum
889 2669 1054 2710 abbate
1088 2673 1129 2710 et
1161 2668 1406 2720 ordinauit,
1453 2667 1562 2722 quid
1604 2668 1739 2708 uellet

87 2741 250 2795 cuique
293 2743 412 2782 dare.
476 2742 562 2783 Sed
610 2754 716 2783 cum
764 2742 904 2782 missa
953 2746 1213 2783 cantaretur
1258 2741 1304 2781 in
1353 2742 1507 2792 domo,
1554 2740 1600 2780 in
1648 2753 1737 2794 qua

88 2813 405 2867 decumbebat,
437 2818 480 2855 et
510 2814 603 2855 iam
636 2827 751 2867 pene
777 2818 957 2855 cantata
984 2818 1114 2864 esset,
1148 2814 1308 2854 ultima
1336 2813 1459 2853 illius
1485 2812 1737 2853 adueniens

88 2885 199 2926 hora
239 2887 389 2927 emisit
428 2886 655 2940 spiritum,
702 2886 876 2927 domno
915 2887 1081 2928 abbate
1124 2889 1331 2940 presente
1373 2889 1414 2925 et
1447 2885 1664 2926 fratribus
1697 2888 1738 2925 et

90 2958 244 2999 multis
282 2958 394 3013 alijs.
458 2960 515 2999 Et
553 2959 655 3000 licet
694 2963 852 3000 contra
895 2959 1184 3013 propositum
1219 2971 1355 2998 suum
1388 2958 1643 3010 accidisset,
1690 2961 1738 2997 ut

175 3088 350 3124 21—22.
386 3098 522 3134 neque
550 3084 737 3123 l'moueri
772 3099 906 3134 neque
935 3084 1178 3123 s·transscrri
1213 3086 1258 3123 C.

1765 2314 1807 2345 25

1765 2677 1807 2708 30
