2242 3551
543 209 683 237 VETvs
716 209 941 236 CHRONJCA
976 209 1212 237 summme
1641 198 1691 236 67

49 340 149 368 sum
190 325 326 376 enim,
373 323 479 377 quia
522 323 650 363 nullo
693 323 830 363 modo
875 335 928 362 ex
969 323 1184 362 manibus
1227 322 1459 373 Laghonis
1502 322 1695 362 euadere

48 411 274 453 possum.«
331 396 548 447 Queritur
578 395 714 447 igitur
746 395 996 447 presbyter,
1030 399 1070 435 et
1102 394 1286 435 fauente
1318 395 1403 435 deo
1437 394 1534 434 sine
1567 407 1695 434 mora

49 470 268 525 reperitur
315 473 356 508 et
401 469 458 509 ad
499 479 650 520 regem
689 468 736 507 in
778 480 946 507 nauem
994 467 1250 507 adducitur.
1328 468 1513 507 Peracta
1563 466 1697 519 igitur

49 542 333 584 confessione
367 540 565 581 ministri
598 540 797 581 Sathane
836 551 986 592 regern
1024 539 1251 592 arripiunt
1282 543 1324 580 et
1355 541 1410 579 ad
1445 540 1550 579 litus
1584 540 1696 580 occi-

49 615 225 657 dentale
272 614 444 667 brachij
495 613 657 665 maris,
712 612 757 653 id
805 616 872 653 est
918 612 1022 664 Slae,
1077 613 1333 663 aduehunt,
1382 612 1609 652 decollant
1656 616 1741 652 et5

49 688 323 730 decollatum
369 686 585 740 appensis
631 685 769 737 galeis
816 689 857 725 et
904 685 1160 725 cassidibus
1208 685 1253 724 in
1309 684 1538 737 profundo
1595 685 1697 724 sub-

50 763 269 812 mergunt.
318 759 580 799 Transactis
606 770 712 798 vero
738 758 985 811 aliquantis
1011 757 1316 798 hebdomadis
1341 770 1366 797 a
1391 757 1697 810 piscatoribus

49 834 261 874 inuentus
302 832 357 871 ad
398 831 628 872 ciuitatem
678 831 923 871 adducitur
968 834 1009 870 et
1050 830 1097 870 in
1145 830 1381 871 ecclesiola
1425 830 1696 869 monialium

51 906 253 959 sepultus
301 908 377 945 est.
449 904 598 954 Quem
646 906 803 956 postea
850 903 985 943 frater
1031 902 1128 943 eius
1172 903 1482 944 Christoforus
1529 916 1606 943 rex
1651 903 1697 942 in

51 977 362 1031 Ringstadiam
404 977 587 1017 sustulit
627 980 668 1017 et
710 989 815 1016 cum
848 975 1263 1016 omni'reuerentia
1298 976 1530 1028 sepultura
1564 975 1698 1027 regia,
1727 981 1767 1011 10

50 1056 97 1091 ut
134 1051 324 1103 dignum
364 1054 472 1101 erat,
519 1049 625 1089 fecit
664 1049 856 1102 sepeliri.
920 1048 1166 1089 Sciendum
1215 1061 1334 1099 vero,
1384 1048 1489 1101 quia
1538 1061 1698 1088 omnes

50 1123 163 1176 regis
204 1122 362 1163 mortis
407 1126 615 1162 auctores
649 1122 760 1162 ultio
793 1122 928 1174 digna
962 1121 1034 1162 dei
1066 1122 1249 1162 modico
1283 1125 1385 1174 post
1416 1125 1621 1174 tempore
1653 1121 1698 1160 in

50 1200 226 1237 tantum
266 1198 420 1235 secuta
460 1194 604 1243 fuerit,
655 1199 703 1235 ut
742 1208 797 1235 ne
837 1208 957 1235 unus
997 1194 1182 1248 quidem
1223 1208 1275 1234 ex
1308 1194 1524 1234 omnibus
1558 1207 1700 1234 rema-

51 1273 186 1319 neret,
235 1268 313 1308 sed
355 1267 560 1308 uniuersi
602 1272 747 1308 morte
789 1267 989 1321 pessima
1038 1267 1177 1308 vitam
1224 1267 1419 1307 finirent.
1483 1269 1701 1307 Asserunt

51 1340 235 1395 plurimi
289 1340 446 1381 fideles
501 1340 661 1393 populi
713 1345 755 1380 et
800 1340 956 1381 deuoti
1004 1345 1045 1381 et
1089 1340 1136 1380 in
1184 1340 1278 1380 suis
1326 1339 1700 1380 tribulationibus
1729 1344 1768 1374 15

51 1414 203 1468 sepius
235 1414 419 1466 experti,
467 1414 590 1466 quod
623 1413 848 1453 succurrit
879 1413 1111 1463 dominus,
1156 1413 1370 1465 martyris
1411 1412 1481 1452 sui
1515 1412 1700 1463 meritis,

48 1486 281 1541 omnibus,
306 1486 383 1540 qui
408 1486 628 1526 inuocant
651 1499 753 1526 eum
775 1486 820 1526 in
841 1486 1039 1526 veritate.
1076 1486 1181 1526 Ideo
1201 1485 1362 1537 legitur
1379 1485 1425 1524 in
1445 1484 1698 1538 epitaphio:

315 1580 391 1616 Hic
423 1581 529 1616 iacet
561 1580 709 1616 Ericus
743 1592 825 1625 rex,
858 1581 997 1627 magni
1030 1580 1137 1626 regis
1172 1580 1331 1615 amicus
1365 1583 1439 1616 etc.

137 1669 292 1723 (Addit.
336 1673 430 1710 vet:
480 1670 662 1721 Ericus,
710 1671 851 1710 homo
898 1670 1239 1723 pulcherrimus
1288 1673 1328 1709 et
1375 1668 1701 1709 inuictissimus

54 1744 195 1792 miles,
241 1743 326 1783 suit
366 1742 583 1783 omnibus
626 1756 765 1796 supra
799 1744 990 1783 modum
1024 1742 1237 1783 amabilis
1270 1746 1310 1781 et
1343 1743 1488 1782 multa
1521 1745 1701 1782 strenue
1729 1748 1770 1777 20

53 1817 167 1857 fecit.
216 1816 336 1856 Inter
369 1829 474 1856 eum
500 1819 542 1855 et
559 1815 671 1855 Abel
696 1815 882 1856 fratrem
909 1829 1045 1856 suum
1076 1816 1240 1855 ducem
1273 1826 1439 1866 magna
1472 1814 1701 1854 discordia

54 1888 149 1940 fuit,
181 1874 306 1942 (que.)
339 1888 418 1928 diu
451 1887 647 1928 durauit.
697 1887 812 1927 Nam
840 1888 951 1928 Abel
985 1900 1189 1928 sororem
1223 1887 1441 1927 comitum
1472 1886 1701 1927 Holzsatie

55 1974 241 2001 uxorem
275 1960 451 2011 habuit,
498 1973 614 2014 quos
657 1974 735 2000 rex
768 1960 917 2000 modis
950 1949 1168 2000 omnibus
1200 1960 1381 2000 volebat
1414 1960 1498 1999 sub
1532 1960 1702 2000 ditione

58 2033 294 2073 Danorum
334 2046 515 2086 ponere.
579 2033 681 2073 Dux
721 2046 828 2073 vero
868 2033 981 2073 Abel
1020 2045 1102 2085 pro
1146 2046 1305 2072 eorum
1349 2032 1614 2072 defensione
1657 2045 1703 2072 se

55 2105 179 2145 fratri
225 2106 461 2159 opposuit,
509 2107 630 2146 unde
677 2110 719 2145 et
766 2106 997 2146 multoties
1044 2109 1202 2145 contra
1250 2105 1402 2158 ipsum
1451 2104 1702 2155 dimicauit‚
1730 2112 1772 2141 25

57 2178 250 2218 exercitu
299 2178 586 2219 Theotunico
633 2178 830 2218 adiutus.
922 2178 1128 2218 Tandem
1178 2178 1270 2217 dux
1316 2177 1427 2216 Abel
1475 2177 1614 2217 vitam
1663 2181 1703 2217 et

57 2249 176 2290 bona
208 2264 377 2303 ponere
408 2251 455 2290 in
489 2251 702 2291 manibus
735 2250 851 2302 regis
884 2250 1258 2303 compellebatur,
1293 2254 1332 2289 et
1365 2249 1429 2289 sic
1461 2249 1565 2289 facti
1599 2255 1703 2289 sunt

57 2323 204 2374 amici,
251 2327 300 2363 ut
331 2323 584 2363 videbatur.
648 2323 792 2376 Super
832 2324 920 2363 hoc
960 2323 1231 2362 iurauerunt
1262 2321 1421 2373 viginti
1453 2321 1630 2361 nobiles
1663 2326 1704 2362 et

59 2395 232 2435 domini
265 2408 317 2435 ex
349 2400 474 2448 parte
507 2396 650 2448 ducis,
697 2396 758 2436 ita
791 2400 852 2447 ut,
898 2395 934 2435 si
967 2396 1059 2435 dux
1092 2395 1341 2448 aliquando
1375 2407 1419 2433 se
1454 2398 1704 2447 opponeret

146 2505 179 2541 1.
213 2505 326 2551 quod
360 2505 474 2540 nullo
509 2517 558 2541 m.
594 2506 640 2542 H.
716 2506 895 2552 Lagonis
930 2507 976 2541 H.
1038 2507 1073 2541 2.
1108 2502 1337 2552 possunt(!)
1369 2504 1407 2539 S.
1491 2505 1615 2549 igitur
1648 2504 1704 2543 Μ;

60 2570 155 2607 ergo
188 2563 234 2598 H.
310 2562 473 2598 favente
505 2563 677 2598 domino
712 2563 758 2598 H.
821 2564 854 2598 4.
890 2564 1052 2599 Satanae
1086 2563 1133 2597 H.
1207 2562 1323 2597 littus
1350 2561 1441 2596 MH.
1506 2562 1541 2599 5.
1577 2562 1704 2596 maris

59 2629 100 2655 o:
134 2619 197 2654 Sle
224 2620 270 2655 H.
333 2621 367 2655 7.
400 2631 499 2655 vero
532 2620 759 2666 aliquantis
787 2621 845 2662 M;
879 2624 1016 2656 autem
1051 2619 1221 2665 aliquod
1238 2617 1277 2666 (t)
1310 2619 1355 2654 H.
1419 2619 1452 2653 8.
1486 2618 1704 2659 adductus.

61 2678 99 2711 et
144 2676 190 2711 H.
293 2677 467 2712 ecclesia
515 2677 542 2712 S
597 2676 694 2725 (11011
745 2676 804 2725 H).
917 2678 951 2713 9.
998 2677 1331 2722 Christophorus
1387 2676 1440 2714 H.
1503 2677 1545 2710 zzt
1595 2675 1701 2711 solet.

63 2732 224 2768 11—18
256 2732 742 2782 (Sciendum..amicus)
774 2734 810 2770 h.
838 2735 858 2770 I.
892 2746 969 2770 om.
1000 2735 1046 2769 H.
1112 2735 1172 2769 19.
1206 2733 1353 2768 Ericus
1386 2733 1465 2770 hic.
1499 2733 1625 2767 homo
1656 2732 1700 2767 H.

60 2789 331 2826 iuictissimus
370 2791 514 2836 scripsi
551 2789 663 2839 (olim
707 2792 961 2827 fortissimus
1003 2788 1287 2836 conieceran1);
1336 2790 1580 2824 mitissimus
1615 2790 1704 2824 MH.

63 2846 125 2882 21.
158 2850 195 2882 et
226 2847 395 2883 fratrem
429 2859 551 2883 suum
584 2848 685 2884 Abel
717 2850 865 2884 ducem
901 2849 947 2884 H.
1012 2849 1075 2883 22.
1108 2848 1196 2889 fuit,
1230 2857 1323 2893 quae
1356 2846 1506 2886 Arna&
1543 2846 1621 2881 fuit
1653 2846 1704 2886 C;

62 2902 139 2938 fuit
169 2907 208 2939 ct
239 2905 286 2950 H,
333 2906 420 2940 sine
451 2904 572 2940 dubio
604 2908 714 2941 recle.
800 2906 1000 2941 comitum
1033 2905 1186 2946 ΑΓιιαες
1233 2904 1398 2940 comitis
1432 2903 1516 2939 CH.
1610 2903 1707 2938 Hol-

63 2960 176 2996 satiae
210 2962 257 2997 H.
328 2962 390 2997 24.
424 2973 523 2998 vero
558 2963 615 3007 M,
658 2966 795 2998 autem
830 2963 876 2999 H.
944 2963 1006 2998 25.
1040 2963 1150 2997 unde
1183 2960 1425 2996 multotiens
1460 2961 1492 2994 H
1525 2958 1615 3008 (des
1649 2958 1702 3006 S).

64 3016 199 3062 ipsum
234 3018 332 3063 MH;
364 3030 458 3054 eum
486 3019 525 3055 S.
603 3019 829 3055 demicauit
858 3020 904 3056 H.
969 3020 1032 3055 26.
1065 3018 1293 3054 Teotonico
1321 3018 1373 3057 H;
1405 3017 1633 3052 Tevtonico
1667 3016 1705 3051 S.

67 3072 127 3109 27.
160 3075 493 3121 compellabatur
526 3076 565 3112 S.
642 3077 704 3112 28.
737 3078 932 3112 iurauere
967 3077 1012 3112 H.
1089 3076 1152 3111 29.
1186 3076 1238 3110 ita
1274 3085 1352 3110 om.
1388 3075 1435 3118 Η,
1470 3074 1562 3118 fort.
1595 3075 1704 3108 recle.

1458 3140 1501 3171 5ss
