2242 3551
420 946 460 977 10

420 1309 459 1339 15

489 159 570 198 202
833 169 1109 198 SCRIPTORES
1142 169 1370 199 HISTORIAE
1403 169 1581 198 DANlcAE
1613 169 1813 200 MlNoREs

489 284 533 324 in
578 285 650 325 die
684 284 908 325 Omnium
942 284 1231 335 Sanctorum,
1279 284 1338 325 ob
1381 283 1655 324 memoriam
1697 285 1840 324 nostri
1881 285 2144 326 habendam

489 361 708 409 perpetuo
741 361 783 397 et
813 356 872 397 ob
914 356 1170 396 remedium
1211 356 1364 397 anime
1404 356 1595 409 predicti
1635 356 1861 408 conuersi,
1904 358 2145 398 annuatim

487 430 543 469 ad
603 429 844 481 pitantiam
897 428 1074 469 dilectis
1128 428 1173 468 in
1224 429 1405 469 Christo
1458 428 1563 469 filiis
1611 432 1653 468 et
1698 429 1916 470 fratribus
1964 430 2145 482 nostris,

489 502 749 543 Conuentui
797 502 910 543 Care
959 502 1126 552 Insule,
1174 502 1436 553 contulisse,
1484 501 1544 541 ita
1591 505 1759 554 tamen,
1812 502 1935 556 quod
1985 515 2146 543 omnes

488 578 755 627 prouentus,
802 574 881 628 qui
921 575 976 614 de
1014 574 1147 615 dictis
1188 574 1322 615 bonis
1365 574 1609 628 prouenire
1641 577 1870 627 poterunt,
1918 574 2003 615 sub
2036 587 2146 616 cura

487 647 724 699 abbatum,
757 648 836 701 qui
869 660 950 700 pro
985 651 1189 700 tempore
1222 647 1403 699 fuerint,
1437 647 1695 687 habeantur
1727 650 1769 688 et
1801 660 1961 688 eorum
1994 648 2146 700 proui-

487 719 640 760 dentia
674 720 845 760 mensis
878 720 1071 760 fratrum
1104 724 1325 773 perpetuo
1349 719 1759 760 amministrentur.
1808 720 1864 760 Vt
1894 720 2030 772 igitur
2062 721 2147 761 hec

486 796 642 832 nostra
676 792 864 834 donatio
895 792 1027 833 firma
1054 793 1111 833 sit
1136 796 1177 833 et
1202 793 1392 844 stabilis,
1426 796 1681 845 presentem
1710 794 1925 845 paginam
1953 793 2145 834 fecimus

487 865 621 917 sigilli
655 865 799 906 nostri
832 865 1115 918 appensione
1148 864 1440 918 communirj.
1499 865 1639 919 Siqua
1671 865 1806 917 igitur
1839 865 2146 906 ecclesiastica

489 938 768 979 secularisue
829 951 1047 991 persona,
1095 938 1272 990 Abbas,
1330 935 1680 992 Cellararjus(!)‚
1737 938 2021 990 Conuersus,
2076 939 2145 979 vel

490 1011 762 1061 Monachus,
810 1012 931 1051 hanc
970 1015 1123 1051 nostre
1164 1010 1428 1051 donationis
1475 1010 1690 1063 paginam
1739 1023 1853 1050 ausu
1902 1010 2145 1051 temerario

488 1083 637 1123 sciens
691 1083 936 1135 infringere
990 1083 1283 1136 temptauerit
1336 1087 1414 1123 aut
1468 1083 1717 1137 quicquam
1774 1083 1830 1123 de
1890 1082 2145 1123 redditibus

488 1156 721 1196 curiarum
755 1156 1065 1209 predictarum
1100 1156 1196 1196 sine
1228 1168 1458 1197 consensu
1491 1159 1750 1196 conuentus
1783 1155 2049 1196 diminuerit
2076 1155 2145 1195 vel

487 1229 533 1269 in
567 1229 682 1269 alios
714 1242 826 1269 usus
859 1242 998 1282 quam
1044 1229 1215 1269 mensis
1255 1229 1448 1269 fratrum
1488 1228 1762 1280 distraxerit,
1809 1229 2057 1269 anathema
2090 1227 2146 1268 sit

489 1305 529 1341 et
571 1301 617 1341 111
658 1301 731 1341 die
768 1300 932 1354 judicii
974 1301 1135 1342 vltioni
1167 1301 1325 1342 diuine
1358 1301 1606 1352 subiaceat,
1655 1314 1853 1355 cumque
1888 1301 2071 1341 Dathan
2105 1304 2146 1341 et

486 1374 688 1427 Abyron,
721 1386 841 1427 quos
862 1378 979 1414 terra
1005 1374 1138 1415 viuos
1163 1374 1415 1425 absorbuit,
1440 1374 1635 1426 accipiat
1660 1374 1932 1426 portionem.
1978 1374 2142 1413 Actum

487 1448 620 1487 Anno
644 1446 820 1487 domini
841 1446 1114 1487 .Millesimo.
1137 1447 1475 1487 Ducentesimo.
1496 1445 1905 1500 Quinquagesimo.
1927 1445 2143 1499 Septimo.

489 1519 705 1560 Kalendis
739 1519 1030 1560 Nouembris.
1096 1520 1144 1559 In
1180 1519 1293 1559 festo
1327 1519 1539 1559 omnium
1573 1519 1859 1559 Sanctorum.
1892 1516 1904 1571 Η

575 1750 639 1789 De
680 1749 871 1789 domino
904 1750 1087 1801 Asg0t0‚
1134 1750 1213 1803 qui
1255 1749 1382 1790 uenit
1422 1750 1477 1789 de
1519 1748 1618 1789 Vite
1658 1749 1795 1789 scola.
1858 1748 2011 1788 Abbas
2060 1748 2144 1788 fuit

486 1822 583 1875 ipse
615 1821 660 1861 111
695 1822 834 1862 (101110
868 1822 952 1862 ista
984 1828 1118 1872 xi11193
1152 1826 1196 1862 vt
1229 1822 1425 1862 habetur
1457 1824 1679 1874 scriptum
1713 1822 1769 1861 de
1795 1820 2003 1861 moribus
2031 1820 2142 1872 eius,

486 1895 638 1945 largus
677 1895 845 1935 exstitit
882 1895 1044 1935 diebus
1085 1895 1180 1935 suis
1219 1899 1259 1935 et
1299 1894 1487 1947 hylaris,
1535 1894 1678 1934 multa
1720 1893 2020 1934 dissimulans
2060 1907 2142 1947 pro

486 1972 691 2020 tempore
724 1980 803 2019 pre
836 1980 919 2007 sua
954 1967 1321 2008 mansuetudine.

573 2039 817 2089 Quintus
880 2040 1128 2080 decimus
1190 2039 1408 2080 dominus
1463 2041 1776 2090 Jolialiiies,
1838 2039 1884 2079 in
1943 2040 2142 2080 Dovaer

485 2125 626 2164 prope
660 2112 992 2152 monasterium
1026 2117 1174 2165 natus,
1207 2113 1285 2166 qui
1319 2112 1444 2165 prior
1476 2113 1645 2153 exstitit
1676 2113 1927 2153 ordinatus.

573 2185 769 2225 Sextus
802 2185 1053 2226 decimus
1087 2185 1306 2226 dominus
1341 2186 1594 2237 Boetius,
1635 2198 1728 2225 non
1762 2185 1912 2225 solum
1947 2185 2140 2238 scriptor

486 2258 650 2309 bonus,
685 2259 762 2298 sed
796 2262 837 2299 et
869 2258 1029 2311 pictor,
1063 2262 1105 2299 et
1136 2258 1414 2298 artificiosus
1448 2258 1493 2298 in
1527 2258 1751 2311 plurimis.

576 2407 636 2441 15.
678 2406 841 2441 Dathan
882 2409 961 2451 etc„
1010 2406 1082 2452 cfr.
1118 2405 1238 2442 Num.
1272 2406 1331 2448 16,
1353 2406 1400 2442 31
1419 2417 1503 2453 sqq.
1588 2407 1645 2442 19.
1687 2407 1719 2442 A
1760 2405 1860 2451 folio
1893 2406 1962 2441 28Γ
1993 2408 2141 2441 sexta

485 2473 666 2498 manus
722 2463 880 2509 incipit,
938 2474 1027 2510 quoe
1082 2465 1259 2509 tempore
1315 2463 1529 2510 aliquanto
1598 2463 1769 2509 inferior
1819 2463 1962 2509 quintct
2015 2462 2142 2508 fuisse

486 2519 661 2561 videtur,
723 2520 863 2556 litteris
917 2521 1032 2556 valde
1089 2519 1272 2556 tenuibus
1326 2523 1360 2556 el
1415 2521 1541 2556 acutis
1588 2520 1766 2557 scribens
1813 2523 1849 2556 et
1891 2520 2141 2566 compendiis

485 2577 696 2623 scripturae
727 2577 968 2623 abundans,·
1014 2578 1055 2613 in
1095 2588 1257 2613 summo
1298 2578 1486 2623 maryine
1524 2577 1646 2614 liuius
1685 2577 1776 2623 folii
1815 2577 1900 2613 haec
1931 2579 2026 2613 nota
2056 2577 2141 2623 fere

485 2633 610 2669 deleta
650 2635 868 2681 reperitur:
914 2635 964 2670 de
1002 2635 1227 2670 abbatibus
1269 2635 1524 2681 quibusdam
1568 2636 1694 2671 huius
1728 2635 1880 2671 domus
1913 2637 1995 2670 tam
2029 2635 2139 2670 uiuis

485 2702 611 2736 quam
637 2692 826 2728 mortuis
890 2693 953 2729 20.
990 2695 1030 2727 vt
1064 2692 1243 2727 habetur
1266 2693 1483 2738 scriptum,
1514 2692 1688 2738 fortasse
1720 2692 1761 2729 in
1794 2703 1838 2727 eo
1870 2702 1999 2737 opere,
2032 2691 2140 2738 quod

484 2748 669 2793 superius
709 2751 767 2795 (p.
804 2749 893 2791 199,
916 2750 980 2795 21)
1021 2750 1389 2786 commemoratum
1428 2751 1503 2793 est;
1550 2749 1636 2785 hoec
1673 2751 1781 2785 enim
1823 2759 1952 2795 neque
1991 2749 2031 2784 in
2078 2749 2137 2794 iis,

485 2816 574 2850 qnoe
607 2805 646 2841 in
678 2805 746 2851 fol.
779 2806 843 2852 27,
892 2817 1018 2853 neque
1061 2806 1101 2841 in
1138 2806 1195 2851 iis,
1245 2817 1334 2852 quoe
1366 2807 1406 2842 in
1438 2806 1507 2852 fol.
1541 2807 1593 2842 29
1625 2806 1672 2842 de
1710 2802 1859 2852 Asqoto
1898 2808 2136 2849 narrantur,

485 2861 589 2898 dicta
633 2866 738 2900 sunt.
815 2863 925 2899 Idem
972 2874 1074 2909 opus
1121 2863 1241 2899 etiam
1289 2864 1336 2898 iis
1383 2864 1610 2910 siynificari
1654 2864 1784 2908 credo,
1831 2874 1922 2909 quoe
1967 2862 2137 2908 inferius

482 2930 521 2965 ρ.
557 2919 646 2963 203,
678 2921 727 2956 16
749 2931 804 2967 sq.
853 2923 889 2956 et
928 2932 966 2966 ρ,
1008 2920 1176 2966 204,13
1202 2930 1258 2966 sq.
1299 2923 1334 2956 et
1372 2920 1463 2964 204,
1492 2921 1543 2956 24
1572 2931 1626 2966 sq.
1673 2920 1865 2966 Ieyi1nus,·
1911 2920 1952 2955 in
1990 2922 2137 2955 secreto

485 2976 651 3012 claustri
704 2977 889 3013 archium
946 2980 1056 3021 tunc,
1120 2988 1211 3012 cum
1266 2978 1351 3013 ἠως·
1404 2978 1690 3019 scriberentur,
1753 2979 1959 3013 seruatum
2012 2976 2138 3022 fuisse

487 3033 650 3069 videtur.
