2242 3551
434 964 475 995 10

436 1325 477 1356 15

436 1686 478 1717 20

500 181 553 220 42
840 191 1114 220 SCRIPTORES
1147 192 1372 221 HISTORIAE
1405 192 1580 220 DANICAE
1613 193 1810 220 MlNORES

501 305 730 346 monacho
763 304 947 345 cuidam
972 304 1018 345 in
1045 305 1237 346 cenobio
1258 306 1461 347 Lewensi
1488 306 1624 347 frater
1657 305 1810 345 multis
1843 302 1950 346 ante
1978 306 2140 347 diebus

501 378 741 418 defunctus
788 377 1010 430 apparuit.
1079 378 1135 417 At
1180 377 1266 429 ille,
1314 383 1546 419 mortuum
1596 391 1691 417 esse
1737 378 1956 429 recolens,
2003 391 2138 432 quem

502 449 696 500 videbat,
742 449 857 490 inter
897 448 985 490 alia
1026 450 1183 502 multa,
1230 463 1319 503 que
1357 450 1415 490 ab
1454 463 1506 491 eo
1547 449 1854 502 interrogauit,
1903 449 2038 490 etiam
2085 450 2140 491 de

501 521 677 562 domini
709 521 1051 563 Cantuariensis
1090 525 1208 563 statu
1251 535 1397 575 nuper
1437 521 1657 562 interfecti
1697 521 1958 573 diligentius
1996 522 2142 576 inqui-

501 593 618 634 siuit.
711 594 761 634 Iu
816 593 947 634 cuius
1001 594 1184 635 laudem
1238 599 1279 634 et
1323 594 1536 646 gloriam,
1597 593 1672 648 qui
1721 594 1950 646 adstabat,
2012 595 2141 647 plura

501 666 749 718 disserens,
810 670 859 706 ut
916 667 1059 707 multa
1115 667 1313 707 breuiter
1368 666 1598 717 dicantur,
1659 666 1705 706 in
1752 667 1841 707 hoc
1886 680 2142 707 sermonem

501 738 676 790 clausit,
723 739 846 792 quod
888 752 914 779 a
954 739 1085 780 beata
1124 739 1296 791 virgine
1331 739 1473 779 Maria
1515 738 1775 792 sanctisque
1810 739 2029 792 apostolis
2061 752 2145 780 nec

502 823 595 851 non
642 815 683 851 et
728 811 1004 864 quibusdam
1055 815 1308 864 martyrum
1363 815 1404 852 et
1458 811 1772 851 confessorum
1824 811 2144 864 virginumque

501 886 605 923 ante
657 884 876 924 thronum
930 885 1148 936 grandem
1207 897 1396 924 aureum
1455 883 1510 924 sit
1561 887 1847 937 presentatus
1899 883 2143 924 habentem

502 956 661 995 valuas
693 956 821 1008 duas,
868 970 955 1010 que
988 957 1320 997 claudebantur
1352 960 1393 997 et
1425 955 1768 1009 aperiebantur3
1816 955 1960 996 exisse
1994 959 2143 996 autem

503 1028 558 1069 de
603 1028 770 1069 throno
817 1029 1074 1082 speciosum
1123 1030 1269 1070 forma
1316 1042 1395 1082 pre
1440 1028 1545 1082 filijs
1592 1027 1857 1079 hominum,
1913 1028 1968 1068 de
2015 1027 2146 1068 cuius

503 1104 687 1154 aspectu
743 1101 948 1141 fidelium
996 1101 1148 1142 anime
1200 1101 1475 1142 letificantur
1528 1104 1569 1141 et
1623 1099 1804 1152 viuunt,
1866 1104 1908 1141 et
1961 1100 2145 1140 beatum

503 1172 733 1213 Thomam
780 1173 1089 1226 amplexatum
1135 1174 1275 1214 fuisse
1321 1178 1362 1214 et
1402 1173 1560 1214 osculo
1602 1172 1640 1212 ei
1685 1176 1892 1225 porrecto
1940 1172 2147 1213 benedic-

503 1245 673 1286 tionem
701 1258 832 1285 suam
857 1245 922 1285 illi
947 1247 1216 1295 contulisse;
1249 1250 1540 1299 assumptum
1576 1258 1679 1285 vero
1713 1249 1867 1298 postea
1899 1249 2145 1298 martyrem

503 1331 528 1357 a
570 1317 738 1358 sanctis
778 1322 819 1358 et
860 1331 965 1358 cum
998 1318 1217 1371 apostolis
1258 1312 1624 1359 reuerentissime
1665 1318 1954 1358 collocatum.
2019 1317 2149 1356 Hanc

504 1389 725 1430 visionem
768 1390 1071 1430 confirmabat
1112 1391 1229 1431 alius
1270 1391 1474 1444 quidam,
1520 1394 1678 1444 raptus
1716 1390 1762 1430 in
1809 1389 1992 1443 spiritu3
2040 1401 2146 1429 nam

504 1462 682 1503 rediens
736 1462 781 1503 in
835 1476 881 1503 se
934 1463 1086 1516 ipsum
1135 1463 1350 1503 narrabat
1394 1462 1702 1514 adstantibus,
1765 1461 1958 1516 presulis
2005 1461 2147 1501 sancti

505 1534 755 1575 sessionem
788 1548 885 1576 esse
917 1547 1022 1575 cum
1055 1535 1287 1588 apostolis,
1330 1539 1371 1576 et
1404 1535 1556 1576 statim
1589 1535 1940 1576 communicans
1972 1534 2029 1574 ab
2062 1534 2149 1574 hac

505 1608 605 1647 luce
636 1607 862 1659 migrauit.
920 1608 1053 1658 Quod
1088 1620 1194 1647 vero
1226 1607 1514 1648 introductus
1546 1607 1601 1647 sit
1633 1607 1678 1648 in
1712 1607 1939 1660 potentias
1958 1606 2148 1655 domini,

505 1683 726 1720 testantur
758 1679 978 1720 miracula
1012 1693 1037 1719 a
1071 1680 1224 1720 seculo
1256 1679 1485 1728 inaudita3
1519 1680 1641 1732 quod
1676 1683 1723 1719 ut
1755 1679 1907 1732 palam
1940 1678 2149 1730 ignoran-

504 1752 625 1792 tibus
659 1753 749 1804 fiat,
782 1752 1010 1793 succincte
1044 1752 1325 1792 narrandum
1359 1756 1436 1793 est.

591 1823 800 1865 Plebeius
856 1824 1045 1877 quidam
1106 1825 1152 1865 in
1206 1824 1431 1865 territorio
1486 1823 1830 1876 Bedefordensi,
1894 1823 2150 1864 Eilwardus

505 1896 705 1947 nomine,
753 1910 833 1949 pro
877 1897 1056 1937 modica
1100 1911 1159 1949 re,
1205 1910 1343 1951 quam
1383 1896 1430 1937 in
1463 1898 1602 1937 domo
1635 1896 1876 1937 cuiusdam
1909 1896 2046 1937 vicini
2079 1895 2149 1936 sui

505 1970 779 2022 depredatus
826 1973 904 2021 est,
951 1970 1129 2023 capitur
1175 1973 1217 2009 et
1257 1969 1516 2022 colligatur;
1563 1969 1756 2009 traditur
1803 1968 1988 2022 preconi
2032 1968 2149 2018 ville,

504 2076 530 2111 I.
561 2076 599 2111 C.
628 2074 848 2111 Robertson
881 2075 921 2111 in
962 2075 1218 2111 »Chronicles
1250 2076 1334 2111 and
1365 2075 1597 2114 Memorials
1628 2075 1676 2121 of
1703 2074 1821 2110 Great
1850 2073 2009 2110 Britain
2041 2075 2148 2116 etc«,

505 2143 616 2168 num.
651 2132 711 2176 67,
755 2132 830 2168 sub
863 2132 997 2168 titulo:
1048 2131 1271 2168 »Materials
1308 2132 1377 2178 for
1407 2133 1471 2169 the
1501 2132 1655 2179 history
1688 2131 1737 2177 of
1764 2131 1940 2167 Thomas
1974 2130 2148 2175 Becket«,

509 2189 679 2226 London
706 2189 939 2232 1875——76,·
977 2189 1180 2225 Benedicti
1206 2189 1306 2226 liber
1331 2191 1513 2236 primam
1542 2191 1701 2236 partem
1735 2188 1955 2224 voluminis
1985 2187 2152 2223 secundi

507 2248 683 2292 occupat.
746 2246 786 2283 P.
808 2246 1060 2292 41,26—42,
1078 2247 1126 2282 19
1157 2257 1205 2282 ex
1222 2246 1425 2282 Benedicti
1457 2247 1520 2283 lib.
1544 2247 1572 2282 I.
1603 2257 1690 2293 cap.
1710 2246 1765 2281 IV
1793 2246 2004 2290 desumpta
2036 2247 2150 2287 sunt,-

503 2315 542 2350 p.
590 2303 651 2348 42,
680 2303 855 2349 22—44,
883 2304 931 2339 16
973 2313 1022 2339 ex
1066 2303 1129 2339 lib.
1175 2303 1239 2339 JV.
1280 2315 1365 2350 cap.
1406 2304 1463 2348 ΙΙ,
1507 2315 1546 2350 ρ.
1588 2302 1841 2347 44,19--24
1886 2312 1935 2337 ex
1981 2302 2150 2348 Proloyo

507 2360 570 2396 lib.
602 2360 623 2395 I
652 2361 712 2406 (p.
744 2361 806 2405 26,
830 2362 953 2407 9sqq.
987 2361 1044 2396 ed.
1076 2359 1214 2405 Rob.),·
1257 2372 1295 2407 p.
1331 2360 1392 2405 44,
1413 2360 1591 2406 24—45,
1614 2361 1633 2396 1
1676 2371 1725 2396 ex
1756 2359 1819 2396 lib.
1851 2359 1915 2395 IV.
1960 2369 2045 2404 cap.
2077 2358 2147 2400 IV,·

503 2429 542 2464 p.
569 2417 633 2463 46,
652 2417 827 2463 21—47,
847 2418 871 2453 2
902 2428 950 2453 ea:
982 2416 1044 2453 lib.
1077 2417 1139 2453 IV.
1172 2428 1256 2464 cap.
1289 2417 1367 2462 ΙΙΙ,
1400 2418 1505 2454 unde
1537 2417 1807 2464 Epitaphium
1842 2418 1897 2463 (p.
1917 2415 1979 2460 47,
1999 2415 2149 2460 3-19)

506 2474 733 2521 sumpserit,
761 2475 903 2511 nescio.
951 2474 1145 2510 Praeterea
1169 2474 1211 2510 in
1234 2486 1272 2520 ρ.
1295 2474 1360 2520 45,
1376 2475 1547 2520 18-46,
1567 2475 1592 2510 2
1619 2485 1713 2510 usus
1738 2476 1794 2510 est
1808 2473 1915 2509 Actis
1931 2473 1967 2509 S.
1990 2472 2151 2508 Thomoe

468 2541 473 2544 ’
506 2531 680 2577 apostoli
723 2531 866 2576 &Aeta
903 2531 1106 2574 Thomoe«,
1154 2531 1211 2568 ed.
1244 2531 1342 2567 Max
1372 2531 1541 2577 Bonnet,
1591 2531 1696 2577 Lips.
1732 2530 1848 2576 1883,
1894 2541 1932 2576 p.
1968 2529 2150 2573 143—5;

503 2599 543 2634 ρ.
588 2588 789 2634 152—3);
838 2588 878 2624 in
923 2600 962 2634 p.
1005 2588 1066 2634 46,
1090 2588 1224 2624 6—-12
1271 2588 1438 2634 Sulpicii
1477 2589 1613 2625 Seueri
1659 2588 1760 2624 libro
1805 2587 1853 2623 de
1897 2586 1932 2622 S.
1976 2586 2151 2622 Martino

508 2646 633 2691 (Sulp.
667 2645 803 2681 Seueri
834 2645 936 2691 libri,
971 2645 1040 2692 qui
1070 2647 1296 2691 supersunt,
1330 2646 1387 2681 ed.
1423 2646 1551 2682 Carol.
1578 2645 1714 2689 Halm,
1754 2643 1999 2680 Vindobona:
2032 2643 2149 2685 1866,

504 2714 543 2749 p.
579 2702 686 2747 127).
733 2723 787 2727 —
834 2713 870 2749 p.
913 2703 1059 2746 41‚26.
1107 2705 1297 2738 octauam
1346 2702 1499 2745 Arnas3
1545 2705 1679 2738 oetam
1723 2702 1779 2746 C;
1824 2702 1994 2745 Octaua,
2041 2700 2063 2736 i.
2101 2710 2150 2735 e.:

506 2762 662 2795 aeterna
694 2760 871 2805 requies,
905 2759 980 2795 vid.
1014 2759 1219 2804 Ducanyii
1253 2759 1344 2795 Lex.
1642 2754 1645 2756 ’

599 2817 629 2851 l.
674 2817 859 2852 Lewensi
899 2816 1066 2861 Bened.;
1116 2816 1297 2852 Sewensi
1340 2817 1390 2851 Μ.
1466 2817 1500 2852 5.
1546 2816 1726 2862 plurima
1774 2814 1920 2851 Bened.
1997 2814 2031 2849 6.
2069 2824 2152 2849 ser-

509 2884 675 2909 monem
723 2873 887 2919 Bened.;
933 2884 1127 2909 sermone
1175 2873 1225 2908 Μ.
1306 2873 1341 2908 9.
1388 2873 1439 2908 sit
1485 2874 1619 2909 Arnas
1664 2872 1724 2921 (ut
1767 2870 1950 2919 Bened.);
1997 2871 2056 2906 sic
2102 2870 2149 2906 C.

512 2930 687 2966 11—12.
744 2930 794 2966 de
845 2931 965 2966 cuius
1017 2932 1245 2975 conspectu
1300 2930 1390 2965 solo
1438 2930 1503 2965 fid.
1551 2941 1615 2966 an.
1665 2929 1959 2965 beatificantur
2005 2927 2148 2963 Bened.

513 2988 573 3023 16.
606 2990 751 3034 raptus
784 2987 825 3023 in
859 2987 1029 3034 spiritu:
1075 2985 1146 3031 cfr.
1182 2986 1360 3022 Corinth.
1392 2987 1439 3031 ΙΙ,
1476 2987 1538 3028 12,
1561 2987 1684 3033 Isqq.
1766 2986 1825 3021 19.
1868 2985 1910 3020 in
1944 2984 2150 3031 potentias

509 3044 687 3080 domini:
718 3043 790 3089 cfr.
825 3044 972 3081 Psalm.
1008 3043 1067 3088 70,
1089 3042 1151 3079 16.
1213 3044 1275 3079 24.
1310 3044 1493 3090 preconi,
1526 3043 1600 3079 vid.
1639 3043 1718 3079 Vol.
1750 3042 1779 3088 Ι,
1810 3053 1851 3088 ρ.
1886 3041 1976 3086 294,
1997 3040 2056 3077 12.
