2242 3551
370 239 430 267 DE
462 239 782 269 PROFECTIONE
814 242 1033 272 DANORVM
1067 246 1112 273 IN
1146 245 1506 274 HIEROSOLYMAM
1686 237 1769 277 459

103 352 336 406 plerisque
376 357 532 394 tamen
579 353 665 395 ista
713 356 1012 409 conueniunt,
1060 362 1109 398 ut
1155 359 1211 399 sit
1251 360 1443 401 materia
1487 361 1767 403 miraculosa

104 428 336 480 dignaque
367 428 513 468 relatu
546 413 669 481 (aut)
700 428 965 469 rationabili
998 431 1295 472 ueneratione
1327 432 1599 474 affectabilis
1633 434 1768 475 etiam

101 499 342 540 rhetoricis
375 499 529 541 fucata
561 500 890 541 schematibus.
940 500 1155 552 Quedam
1188 517 1299 544 uero
1333 505 1532 558 simplici
1559 510 1599 546 et
1625 507 1770 560 impo-

103 572 181 613 lita
215 572 478 613 narratione
511 573 689 626 prolata
721 573 950 614 delectant
979 579 1020 615 et
1043 587 1122 615 cor
1147 576 1376 617 audientis
1403 578 1625 631 afficiunt,
1658 581 1766 620 dum

102 657 188 685 nec
226 644 316 685 sint
356 644 598 686 inhonesta
641 645 898 699 plurimum
938 659 1022 687 nec
1063 648 1331 689 deformiter
1363 650 1670 704 abhorrenda,
1718 657 1768 693 ut

105 721 213 758 sunt
259 718 557 771 quorundam
606 718 813 759 carmina
860 723 1118 772 poetarum,
1166 734 1282 774 quos
1323 722 1540 775 Virgilius
1588 724 1766 765 urbana

102 789 315 831 irrisione
348 791 550 842 denotat,
583 790 763 832 dicens:

338 895 418 940 Qui
452 896 631 932 Bauium
665 908 749 933 non
783 897 883 943 odit,
917 900 1028 934 amet
1059 901 1130 934 tua
1164 899 1365 943 carmina,
1401 900 1522 945 Meui,

336 966 470 1012 Atque
503 965 613 1001 idem
646 966 793 1012 iungat
825 966 977 1013 uulpes
1010 970 1049 1002 et
1083 967 1266 1013 mulgeat
1298 968 1453 1004 hircos.

100 1066 185 1107 His
243 1065 473 1120 siquidem
529 1079 603 1107 me
651 1066 851 1107 similem
904 1066 1000 1108 fore
1046 1069 1274 1120 redarguo
1323 1068 1609 1124 dignumque
1655 1071 1764 1122 risu,

97 1139 182 1193 »qui
229 1152 378 1194 neque
424 1139 513 1179 hac
558 1152 708 1192 neque
755 1139 896 1180 simili
944 1144 1100 1181 motus
1146 1140 1410 1182 inuectione
1457 1155 1483 1182 a
1530 1145 1765 1197 proposita

100 1211 332 1253 scribendi
373 1211 624 1265 cupiditate
664 1211 970 1265 reprimebar3
1020 1213 1395 1266 supradictarum
1438 1215 1593 1269 itaque
1625 1217 1767 1270 quali-

99 1288 247 1325 tatum
295 1284 503 1325 diuersas
551 1284 797 1325 uarietates
844 1285 1093 1326 meditatus
1142 1299 1246 1326 sum
1294 1291 1427 1328 nocte
1475 1300 1581 1328 cum
1630 1290 1766 1330 corde

100 1370 205 1398 meo
244 1361 286 1398 et
325 1357 622 1408 exercitabar,
670 1370 764 1398 non
803 1361 899 1398 tam
937 1358 1286 1412 presumptione
1318 1360 1591 1401 temerarius
1625 1375 1764 1415 quam

97 1434 221 1482 geste
266 1430 332 1471 rei
383 1429 581 1483 cupidus
637 1431 1010 1483 commendator,
1067 1431 1171 1472 licet
1226 1432 1420 1473 facultas
1473 1433 1762 1486 elegantioris

100 1503 317 1544 facundie
357 1502 574 1555 paruitati
616 1515 716 1543 mee
749 1516 841 1543 non
877 1507 1103 1557 suppetat.
1165 1505 1380 1546 Attamen
1414 1507 1469 1546 de
1501 1506 1574 1546 his
1604 1520 1764 1560 quam-

94 1587 239 1628 quam
279 1560 445 1629 (loqui)
489 1587 891 1628 superuacaneum
933 1575 1076 1615 emuli
1123 1575 1350 1627 estiment,
1398 1576 1630 1618 silendum
1668 1591 1761 1619 non

188 1674 224 1710 2
265 1677 337 1709 aut
376 1673 530 1719 addidi,
574 1675 618 1709 at
648 1673 818 1719 partitio
849 1673 917 1709 hic
944 1673 1056 1719 facta
1088 1675 1294 1720 superiori
1334 1675 1394 1719 (in
1422 1686 1462 1721 p.
1496 1675 1664 1721 458,18
1686 1678 1759 1723 sq.)

95 1731 367 1777 responderet.
460 1731 586 1767 etiam
617 1729 722 1781 (εἰῗ)
753 1731 914 1777 36Γὶρ5ἰ;
955 1734 994 1767 et
1026 1731 1073 1768 Ο.
1146 1733 1229 1767 4—
1234 1733 1267 1768 5.
1303 1733 1404 1768 dum
1438 1744 1474 1768 n
1507 1705 1761 1770 s.1l10nesta

94 1788 262 1834 scripsi3
308 1799 404 1825 cum
445 1799 483 1824 n.
515 1800 546 1825 s.
587 1789 765 1825 honesta
804 1788 852 1834 O,
895 1799 1046 1835 praae,·
1092 1800 1193 1825 nam
1232 1790 1422 1826 carmina
1463 1790 1542 1835 illa,
1592 1801 1682 1837 qaoe
1719 1792 1760 1827 in

93 1856 204 1893 seqq.
236 1846 519 1893 desiynantzm
564 1847 601 1882 et
631 1845 847 1882 materiam
882 1845 1144 1882 inhonestam
1175 1848 1212 1882 et
1238 1846 1421 1893 formam
1455 1847 1759 1884 abhorrendam

98 1902 315 1940 habebant.
387 1904 422 1940 6.
453 1904 644 1940 carmina
676 1914 755 1940 om.
792 1903 836 1939 K.
926 1904 1142 1950 Virgilius:
1192 1905 1232 1940 in
1267 1904 1422 1955 Ecloqa
1453 1905 1520 1950 III,
1557 1916 1589 1941 l).
1627 1906 1678 1940 90
1703 1916 1758 1951 sq.

100 1960 392 1997 Obtrectatores
436 1957 595 2008 Virgilii
640 1963 760 1997 erant
801 1960 960 1997 Bauius
1006 1962 1142 1997 malas
1185 1964 1305 2007 poeta
1344 1964 1382 1997 et
1419 1961 1590 1998 Moeaias
1636 1963 1757 1998 etiam

88 2019 222 2064 peior,
271 2028 447 2064 qaorum
495 2018 608 2054 lectio
654 2019 810 2054 nemini
853 2019 950 2065 plus
994 2019 1181 2065 conferre
1214 2021 1386 2065 poterat,
1436 2030 1560 2065 qaam
1608 2020 1643 2055 si
1687 2022 1760 2055 aat

99 2076 237 2121 vulpes
273 2087 352 2122 pro
392 2075 517 2112 bobas
554 2076 607 2111 ad
646 2075 853 2112 arandam
894 2076 1080 2122 ianyeret
1116 2079 1189 2112 aat
1224 2076 1359 2112 hireos
1398 2077 1605 2122 mulgeret.
1665 2076 1761 2112 Post

99 2143 237 2169 versas
274 2133 435 2180 Virgilii
472 2134 507 2169 Ο
545 2132 682 2169 habet:
732 2134 833 2169 Haec
879 2134 1011 2180 figura
1062 2137 1239 2170 vocatur
1278 2134 1506 2169 Asteismos
1547 2132 1592 2181 (S
1633 2135 1757 2170 male:

91 2189 379 2239 Asterismos),
426 2190 495 2227 sed
543 2190 583 2227 in
625 2191 663 2226 Μ
708 2193 849 2237 postea
888 2193 1091 2227 corrector
1126 2191 1212 2227 Itoec
1254 2190 1373 2226 verba
1421 2191 1535 2226 uncis
1575 2191 1758 2233 inclusit,-

97 2250 194 2283 nota
241 2248 390 2284 scilicet
432 2248 677 2295 maryinalis
721 2248 802 2294 fait
837 2248 891 2284 ad
932 2247 1052 2284 verba
1092 2249 1255 2284 urbana
1302 2248 1500 2283 irrisione
1534 2248 1755 2294 pertinens,

95 2316 223 2352 qaam
272 2305 464 2341 librarius
510 2306 659 2352 aliquis
706 2305 845 2341 inseite
889 2305 929 2341 in
980 2308 1131 2341 textam
1179 2307 1390 2351 receperat.
1453 2304 1512 2341 De
1556 2305 1758 2341 schemate

97 2362 289 2408 asteismi,
322 2363 432 2409 qaod
462 2374 555 2399 cum
588 2363 722 2399 ironia
755 2365 790 2399 et
819 2373 1029 2399 sarcasmo
1061 2363 1273 2409 quandam
1306 2361 1428 2398 habet
1456 2362 1755 2408 coqnationem,

96 2419 334 2466 conferatur
379 2431 412 2456 υ.
453 2431 485 2460 c,
537 2420 783 2465 Quintiliani
823 2419 887 2456 lib.
926 2419 1022 2465 VIII,
1059 2421 1093 2465 6,
1121 2420 1174 2455 56
1199 2431 1256 2466 sq.
1350 2420 1412 2456 10.
1462 2431 1528 2455 me
1576 2420 1756 2455 similem

96 2487 177 2514 om.
226 2477 265 2514 S.
361 2477 470 2523 fore,
522 2478 603 2514 scil.
650 2478 897 2513 oemaloram
944 2488 1130 2513 meorum
1178 2476 1337 2512 iudicio.
1444 2477 1653 2522 redarguo
1700 2477 1755 2521 Ο;

98 2534 242 2570 malim
277 2536 412 2570 tamen
444 2535 642 2582 redargui
672 2533 738 2583 (z
761 2535 865 2570 mihi
897 2533 1060 2583 obieci).
1126 2534 1173 2569 12
1197 2544 1252 2579 sq.
1286 2534 1627 2579 supradictarum
1662 2537 1755 2569 etc:

98 2590 162 2627 Itis
202 2591 331 2627 verbis
368 2591 625 2628 subobscuris
664 2594 808 2628 auctor
842 2592 1078 2638 significare
1110 2591 1278 2635 videtur,
1325 2601 1366 2626 se
1402 2591 1641 2626 meditatam
1674 2601 1756 2627 esse

95 2659 146 2684 ac
178 2651 402 2695 temptasse,
445 2650 480 2685 si
514 2649 620 2695 forte
650 2660 754 2695 opas
785 2659 906 2685 saum
939 2649 993 2684 ad
1024 2649 1280 2694 eyreyiorum
1315 2647 1478 2683 illoram
1510 2648 1754 2693 scriptoram

96 2716 304 2752 normam,
352 2717 442 2753 qaoe
487 2707 675 2753 superias
723 2707 782 2752 (p.
824 2706 915 2751 458,
946 2706 1125 2750 17—21)
1174 2704 1417 2749 nominauit,
1466 2704 1676 2740 elaborare
1721 2707 1758 2740 et

90 2762 359 2808 conformare
378 2765 532 2810 posset;
564 2766 602 2800 et
632 2763 798 2809 vestiyia
830 2773 930 2798 sane
960 2762 1162 2799 eiusmodi
1186 2761 1461 2797 meditationis
1485 2761 1600 2797 Izaad
1619 2772 1754 2808 pauca

99 2819 141 2855 in
182 2820 266 2856 eius
299 2820 401 2856 libro
433 2832 633 2867 apparere
664 2820 975 2857 concedendam.
1009 2821 1075 2854 est.
1149 2819 1198 2854 13
1217 2829 1272 2864 sq.
1307 2818 1755 2854 meditatus..exerci-

95 2877 230 2921 tahar,
261 2877 332 2923 cfr.
354 2878 505 2915 Psalm.
533 2878 597 2923 76,
618 2877 654 2913 7.
721 2878 782 2914 16.
809 2887 1054 2923 quanquam
1082 2874 1143 2911 M2
1171 2875 1212 2910 in
1239 2886 1367 2921 marg).
1395 2876 1432 2910 Μ
1462 2875 1630 2921 addidit,
1661 2875 1754 2921 fort.

98 2933 146 2969 de
183 2945 258 2970 saa
299 2935 358 2970 vel
395 2936 532 2981 potius
577 2935 626 2970 de
672 2935 744 2970 aui
779 2933 845 2969 sai
883 2933 1128 2969 coniectura.
1174 2942 1266 2967 eam
1308 2932 1429 2967 etiam
1469 2933 1511 2968 in
1552 2933 1579 2968 S
1614 2934 1754 2978 postea

90 2990 229 3037 Steph.
277 2992 319 3027 in
365 3003 495 3039 mary.
543 2991 755 3035 adiecerit,·
802 2991 835 3026 Α
882 2991 924 3026 in
968 2991 1074 3025 textu
1116 2988 1248 3034 habet,
1297 2988 1389 3024 item
1431 2989 1475 3032 K,
1525 2989 1594 3025 sed
1640 2989 1755 3025 uncis

99 3046 325 3095 inclusam;
372 3051 461 3085 atat
490 3051 556 3094 est,
597 3058 857 3094 quamquam
887 3057 963 3092 per
991 3057 1031 3081 se
1062 3048 1203 3092 aptam
1238 3045 1404 3088 videtur,
1452 3046 1505 3082 ita
1539 3049 1686 3092 tamen,
1721 3047 1754 3083 si

88 3107 291 3150 >praeterea
323 3105 440 3152 loqui
473 3105 676 3141 inseritur.

1794 1083 1835 1114 10

1792 1444 1831 1475 15
