<?xml version="1.0" encoding="UTF-8"?>
<!DOCTYPE html PUBLIC "-//W3C//DTD XHTML 1.0 Transitional//EN"
    "http://www.w3.org/TR/xhtml1/DTD/xhtml1-transitional.dtd">
<html xmlns="http://www.w3.org/1999/xhtml" xml:lang="en" lang="en">
 <head>
  <title>
</title>
<meta http-equiv="Content-Type" content="text/html;charset=utf-8" />
  <meta name='ocr-system' content='tesseract 3.04.00' />
  <meta name='ocr-capabilities' content='ocr_page ocr_carea ocr_par ocr_line ocrx_word'/>
</head>
<body>
  <div class='ocr_page' id='page_1' title='image "./scriptoresminore212gert/scriptoresminore212gert_0280.png"; bbox 0 0 2242 3551; ppageno 0'>
   <div class='ocr_carea' id='block_1_1' title="bbox 328 462 486 498">
    <p class='ocr_par' dir='ltr' id='par_1_1' title="bbox 328 462 486 498">
     <span class='ocr_line' id='line_1_1' title="bbox 328 462 486 498; baseline 0 0"><span class='ocrx_word' id='word_1_1' title='bbox 328 467 400 498; x_wconf 89' lang='lat' dir='ltr'>Fol.</span> <span class='ocrx_word' id='word_1_2' title='bbox 416 462 486 498; x_wconf 62' lang='lat'>48¹⁶.</span> 
     </span>
    </p>
   </div>
   <div class='ocr_carea' id='block_1_2' title="bbox 462 612 481 641">
    <p class='ocr_par' dir='ltr' id='par_1_2' title="bbox 462 612 481 641">
     <span class='ocr_line' id='line_1_2' title="bbox 462 612 481 641; baseline 0 0"><span class='ocrx_word' id='word_1_3' title='bbox 462 612 481 641; x_wconf 87' lang='lat'>5</span> 
     </span>
    </p>
   </div>
   <div class='ocr_carea' id='block_1_3' title="bbox 442 975 483 1006">
    <p class='ocr_par' dir='ltr' id='par_1_3' title="bbox 442 975 483 1006">
     <span class='ocr_line' id='line_1_3' title="bbox 442 975 483 1006; baseline 0.024 -1"><span class='ocrx_word' id='word_1_4' title='bbox 442 975 483 1006; x_wconf 91' lang='lat'>10</span> 
     </span>
    </p>
   </div>
   <div class='ocr_carea' id='block_1_4' title="bbox 320 1702 481 1804">
    <p class='ocr_par' dir='ltr' id='par_1_4' title="bbox 320 1702 481 1804">
     <span class='ocr_line' id='line_1_4' title="bbox 438 1702 481 1733; baseline -0.023 0"><span class='ocrx_word' id='word_1_5' title='bbox 438 1702 481 1733; x_wconf 85' lang='lat'>20</span> 
     </span>
     <span class='ocr_line' id='line_1_5' title="bbox 320 1769 481 1804; baseline 0.012 -2"><span class='ocrx_word' id='word_1_6' title='bbox 320 1772 394 1804; x_wconf 87' lang='lat' dir='ltr'>Fol.</span> <span class='ocrx_word' id='word_1_7' title='bbox 409 1769 481 1804; x_wconf 61' lang='lat'>48⁸2</span> 
     </span>
    </p>
   </div>
   <div class='ocr_carea' id='block_1_5' title="bbox 508 189 1824 234">
    <p class='ocr_par' dir='ltr' id='par_1_5' title="bbox 508 189 1824 234">
     <span class='ocr_line' id='line_1_6' title="bbox 508 189 1824 234; baseline 0.002 -5"><span class='ocrx_word' id='word_1_8' title='bbox 508 189 592 230; x_wconf 83' lang='lat'>270</span> <span class='ocrx_word' id='word_1_9' title='bbox 849 203 1124 234; x_wconf 78' lang='lat' dir='ltr'>SCRIPTORES</span> <span class='ocrx_word' id='word_1_10' title='bbox 1157 204 1383 233; x_wconf 74' lang='lat' dir='ltr'>HisTomAE</span> <span class='ocrx_word' id='word_1_11' title='bbox 1415 203 1592 233; x_wconf 79' lang='lat' dir='ltr'><strong>DANICAE</strong></span> <span class='ocrx_word' id='word_1_12' title='bbox 1625 204 1824 234; x_wconf 81' lang='lat' dir='ltr'>MINORES</span> 
     </span>
    </p>
   </div>
   <div class='ocr_carea' id='block_1_6' title="bbox 508 316 2165 1823">
    <p class='ocr_par' dir='ltr' id='par_1_6' title="bbox 508 316 2165 1011">
     <span class='ocr_line' id='line_1_7' title="bbox 509 316 2161 372; baseline 0.002 -17"><span class='ocrx_word' id='word_1_13' title='bbox 509 318 611 356; x_wconf 85' lang='lat' dir='ltr'>tura</span> <span class='ocrx_word' id='word_1_14' title='bbox 644 316 748 369; x_wconf 88' lang='lat' dir='ltr'>plus</span> <span class='ocrx_word' id='word_1_15' title='bbox 781 330 915 369; x_wconf 91' lang='lat' dir='ltr'>posse</span> <span class='ocrx_word' id='word_1_16' title='bbox 948 319 1184 371; x_wconf 88' lang='lat' dir='ltr'>proficere,</span> <span class='ocrx_word' id='word_1_17' title='bbox 1216 331 1357 372; x_wconf 88' lang='lat' dir='ltr'>quam</span> <span class='ocrx_word' id='word_1_18' title='bbox 1391 319 1522 358; x_wconf 90' lang='lat' dir='ltr'>multi</span> <span class='ocrx_word' id='word_1_19' title='bbox 1555 318 1627 370; x_wconf 91' lang='lat' dir='ltr'>alij</span> <span class='ocrx_word' id='word_1_20' title='bbox 1664 317 1709 357; x_wconf 90' lang='lat' dir='ltr'>in</span> <span class='ocrx_word' id='word_1_21' title='bbox 1744 317 1895 358; x_wconf 88' lang='lat' dir='ltr'>studio</span> <span class='ocrx_word' id='word_1_22' title='bbox 1915 318 2161 359; x_wconf 84' lang='lat' dir='ltr'>Parisiensi</span> 
     </span>
     <span class='ocr_line' id='line_1_8' title="bbox 510 388 2165 443; baseline 0.001 -15"><span class='ocrx_word' id='word_1_23' title='bbox 510 388 752 429; x_wconf 87' lang='lat' dir='ltr'>scolastico</span> <span class='ocrx_word' id='word_1_24' title='bbox 785 402 890 429; x_wconf 90' lang='lat' dir='ltr'>cum</span> <span class='ocrx_word' id='word_1_25' title='bbox 919 390 1081 441; x_wconf 84' lang='lat' dir='ltr'>grandi</span> <span class='ocrx_word' id='word_1_26' title='bbox 1105 403 1318 443; x_wconf 84' lang='lat' dir='ltr'>expenso.</span> <span class='ocrx_word' id='word_1_27' title='bbox 1368 390 1419 430; x_wconf 92' lang='lat' dir='ltr'>In</span> <span class='ocrx_word' id='word_1_28' title='bbox 1452 390 1785 431; x_wconf 88' lang='lat' dir='ltr'>consuetudine</span> <span class='ocrx_word' id='word_1_29' title='bbox 1817 394 1971 431; x_wconf 87' lang='lat' dir='ltr'>autem</span> <span class='ocrx_word' id='word_1_30' title='bbox 2003 390 2165 431; x_wconf 86' lang='lat' dir='ltr'>habuit</span> 
     </span>
     <span class='ocr_line' id='line_1_9' title="bbox 513 458 2161 516; baseline 0.002 -16"><span class='ocrx_word' id='word_1_31' title='bbox 513 472 619 500; x_wconf 89' lang='lat' dir='ltr'>cum</span> <span class='ocrx_word' id='word_1_32' title='bbox 650 458 662 514; x_wconf 77' lang='grc' dir='ltr'><em>Η</em></span> <span class='ocrx_word' id='word_1_33' title='bbox 692 461 868 502; x_wconf 81' lang='lat' dir='ltr'>clericis</span> <span class='ocrx_word' id='word_1_34' title='bbox 900 462 1094 515; x_wconf 88' lang='lat' dir='ltr'>loquens</span> <span class='ocrx_word' id='word_1_35' title='bbox 1127 464 1184 503; x_wconf 89' lang='lat' dir='ltr'>ad</span> <span class='ocrx_word' id='word_1_36' title='bbox 1217 463 1420 514; x_wconf 83' lang='lat' dir='ltr'>singulas</span> <span class='ocrx_word' id='word_1_37' title='bbox 1452 463 1729 514; x_wconf 84' lang='lat' dir='ltr'>locucioneS,</span> <span class='ocrx_word' id='word_1_38' title='bbox 1774 475 1888 516; x_wconf 81' lang='lat' dir='ltr'>quas</span> <span class='ocrx_word' id='word_1_39' title='bbox 1926 462 2024 515; x_wconf 91' lang='lat' dir='ltr'>ipse</span> <span class='ocrx_word' id='word_1_40' title='bbox 2056 475 2161 503; x_wconf 89' lang='lat' dir='ltr'>cum</span> 
     </span>
     <span class='ocr_line' id='line_1_10' title="bbox 511 533 2162 586; baseline 0.001 -13"><span class='ocrx_word' id='word_1_41' title='bbox 511 533 574 573; x_wconf 90' lang='lat' dir='ltr'>eis</span> <span class='ocrx_word' id='word_1_42' title='bbox 607 533 677 574; x_wconf 88' lang='lat' dir='ltr'>vel</span> <span class='ocrx_word' id='word_1_43' title='bbox 708 533 796 586; x_wconf 91' lang='lat' dir='ltr'>ipsi</span> <span class='ocrx_word' id='word_1_44' title='bbox 830 546 986 574; x_wconf 88' lang='lat' dir='ltr'>secum</span> <span class='ocrx_word' id='word_1_45' title='bbox 1027 534 1336 585; x_wconf 87' lang='lat' dir='ltr'>conferebant,</span> <span class='ocrx_word' id='word_1_46' title='bbox 1382 535 1454 576; x_wconf 86' lang='lat' dir='ltr'>vel</span> <span class='ocrx_word' id='word_1_47' title='bbox 1493 534 1749 577; x_wconf 74' lang='lat' dir='ltr'>sentencias</span> <span class='ocrx_word' id='word_1_48' title='bbox 1789 538 2055 575; x_wconf 86' lang='lat' dir='ltr'>sanctorum</span> <span class='ocrx_word' id='word_1_49' title='bbox 2093 536 2162 576; x_wconf 84' lang='lat' dir='ltr'>vel</span> 
     </span>
     <span class='ocr_line' id='line_1_11' title="bbox 508 606 2162 660; baseline 0.001 -15"><span class='ocrx_word' id='word_1_50' title='bbox 508 618 668 646; x_wconf 81' lang='lat' dir='ltr'>versus</span> <span class='ocrx_word' id='word_1_51' title='bbox 701 606 890 646; x_wconf 88' lang='lat' dir='ltr'>subtiles</span> <span class='ocrx_word' id='word_1_52' title='bbox 922 611 1162 660; x_wconf 89' lang='lat' dir='ltr'>poetarum</span> <span class='ocrx_word' id='word_1_53' title='bbox 1188 611 1267 647; x_wconf 90' lang='lat' dir='ltr'>aut</span> <span class='ocrx_word' id='word_1_54' title='bbox 1293 607 1406 647; x_wconf 86' lang='lat' dir='ltr'>alias</span> <span class='ocrx_word' id='word_1_55' title='bbox 1431 607 1756 647; x_wconf 78' lang='lat' dir='ltr'>similitudines</span> <span class='ocrx_word' id='word_1_56' title='bbox 1778 611 2004 660; x_wconf 85' lang='lat' dir='ltr'>coaptare.</span> <span class='ocrx_word' id='word_1_57' title='bbox 2055 607 2162 647; x_wconf 85' lang='lat' dir='ltr'>Erat</span> 
     </span>
     <span class='ocr_line' id='line_1_12' title="bbox 511 679 2163 731; baseline 0.001 -13"><span class='ocrx_word' id='word_1_58' title='bbox 511 691 710 731; x_wconf 88' lang='lat' dir='ltr'>namque</span> <span class='ocrx_word' id='word_1_59' title='bbox 742 690 849 718; x_wconf 91' lang='lat' dir='ltr'>cum</span> <span class='ocrx_word' id='word_1_60' title='bbox 882 679 1060 731; x_wconf 82' lang='lat' dir='ltr'>magnis</span> <span class='ocrx_word' id='word_1_61' title='bbox 1091 679 1267 721; x_wconf 87' lang='lat' dir='ltr'>clericis</span> <span class='ocrx_word' id='word_1_62' title='bbox 1293 679 1454 730; x_wconf 83' lang='lat' dir='ltr'>maior,</span> <span class='ocrx_word' id='word_1_63' title='bbox 1487 691 1593 720; x_wconf 91' lang='lat' dir='ltr'>cum</span> <span class='ocrx_word' id='word_1_64' title='bbox 1618 679 1929 720; x_wconf 88' lang='lat' dir='ltr'>mediocribus</span> <span class='ocrx_word' id='word_1_65' title='bbox 1954 690 2163 731; x_wconf 83' lang='lat' dir='ltr'>magnus,</span> 
     </span>
     <span class='ocr_line' id='line_1_13' title="bbox 510 751 2162 806; baseline 0.001 -16"><span class='ocrx_word' id='word_1_66' title='bbox 510 751 803 804; x_wconf 85' lang='lat' dir='ltr'>minoresque</span> <span class='ocrx_word' id='word_1_67' title='bbox 836 752 1034 792; x_wconf 89' lang='lat' dir='ltr'>scolares</span> <span class='ocrx_word' id='word_1_68' title='bbox 1066 752 1113 792; x_wconf 93' lang='lat' dir='ltr'>in</span> <span class='ocrx_word' id='word_1_69' title='bbox 1142 752 1350 806; x_wconf 85' lang='lat' dir='ltr'>partibus</span> <span class='ocrx_word' id='word_1_70' title='bbox 1374 752 1628 805; x_wconf 87' lang='lat' dir='ltr'>puerilibus</span> <span class='ocrx_word' id='word_1_71' title='bbox 1652 752 1915 805; x_wconf 78' lang='lat' dir='ltr'>precellens</span> <span class='ocrx_word' id='word_1_72' title='bbox 1967 752 2162 792; x_wconf 84' lang='lat' dir='ltr'>Multum</span> 
     </span>
     <span class='ocr_line' id='line_1_14' title="bbox 509 823 2163 877; baseline 0.001 -14"><span class='ocrx_word' id='word_1_73' title='bbox 509 827 661 864; x_wconf 88' lang='lat' dir='ltr'>autem</span> <span class='ocrx_word' id='word_1_74' title='bbox 696 823 1009 865; x_wconf 76' lang='lat' dir='ltr'>delectabatur</span> <span class='ocrx_word' id='word_1_75' title='bbox 1040 825 1319 877; x_wconf 84' lang='lat' dir='ltr'>interrogare</span> <span class='ocrx_word' id='word_1_76' title='bbox 1352 838 1377 865; x_wconf 91' lang='lat' dir='ltr'>a</span> <span class='ocrx_word' id='word_1_77' title='bbox 1411 824 1666 865; x_wconf 87' lang='lat' dir='ltr'>scolaribus</span> <span class='ocrx_word' id='word_1_78' title='bbox 1698 824 1912 865; x_wconf 87' lang='lat' dir='ltr'>materias</span> <span class='ocrx_word' id='word_1_79' title='bbox 1938 824 2163 865; x_wconf 89' lang='lat' dir='ltr'>librorum</span> 
     </span>
     <span class='ocr_line' id='line_1_15' title="bbox 510 896 2163 951; baseline 0 -15"><span class='ocrx_word' id='word_1_80' title='bbox 510 909 701 936; x_wconf 89' lang='lat' dir='ltr'>suorum</span> <span class='ocrx_word' id='word_1_81' title='bbox 734 900 776 937; x_wconf 88' lang='lat' dir='ltr'>et</span> <span class='ocrx_word' id='word_1_82' title='bbox 807 896 920 937; x_wconf 85' lang='lat' dir='ltr'>alias</span> <span class='ocrx_word' id='word_1_83' title='bbox 953 897 1217 951; x_wconf 78' lang='lat' dir='ltr'>questiones</span> <span class='ocrx_word' id='word_1_84' title='bbox 1248 901 1343 937; x_wconf 91' lang='lat' dir='ltr'>tam</span> <span class='ocrx_word' id='word_1_85' title='bbox 1376 898 1431 937; x_wconf 90' lang='lat' dir='ltr'>de</span> <span class='ocrx_word' id='word_1_86' title='bbox 1463 901 1599 937; x_wconf 86' lang='lat' dir='ltr'>cantu</span> <span class='ocrx_word' id='word_1_87' title='bbox 1632 910 1772 951; x_wconf 90' lang='lat' dir='ltr'>quam</span> <span class='ocrx_word' id='word_1_88' title='bbox 1817 898 1872 938; x_wconf 90' lang='lat' dir='ltr'>de</span> <span class='ocrx_word' id='word_1_89' title='bbox 1913 897 2029 949; x_wconf 83' lang='lat' dir='ltr'>alijS,</span> <span class='ocrx_word' id='word_1_90' title='bbox 2076 910 2163 950; x_wconf 89' lang='lat' dir='ltr'>que</span> 
     </span>
     <span class='ocr_line' id='line_1_16' title="bbox 509 969 1310 1011; baseline 0.001 -2"><span class='ocrx_word' id='word_1_91' title='bbox 509 969 723 1009; x_wconf 84' lang='lat' dir='ltr'>dixerunt</span> <span class='ocrx_word' id='word_1_92' title='bbox 755 981 802 1009; x_wconf 88' lang='lat' dir='ltr'>se</span> <span class='ocrx_word' id='word_1_93' title='bbox 833 969 880 1009; x_wconf 91' lang='lat' dir='ltr'>in</span> <span class='ocrx_word' id='word_1_94' title='bbox 914 970 1051 1010; x_wconf 91' lang='lat' dir='ltr'>scolis</span> <span class='ocrx_word' id='word_1_95' title='bbox 1083 969 1310 1011; x_wconf 91' lang='lat' dir='ltr'>didicisse.</span> 
     </span>
    </p>

    <p class='ocr_par' dir='ltr' id='par_1_7' title="bbox 508 1042 2164 1823">
     <span class='ocr_line' id='line_1_17' title="bbox 595 1042 2164 1096; baseline 0.001 -15"><span class='ocrx_word' id='word_1_96' title='bbox 595 1042 667 1082; x_wconf 92' lang='lat' dir='ltr'>VI.</span> <span class='ocrx_word' id='word_1_97' title='bbox 731 1042 782 1082; x_wconf 91' lang='lat' dir='ltr'>In</span> <span class='ocrx_word' id='word_1_98' title='bbox 829 1042 990 1083; x_wconf 92' lang='lat' dir='ltr'>diuino</span> <span class='ocrx_word' id='word_1_99' title='bbox 1038 1042 1191 1083; x_wconf 86' lang='lat' dir='ltr'>officio</span> <span class='ocrx_word' id='word_1_100' title='bbox 1234 1046 1276 1082; x_wconf 88' lang='lat' dir='ltr'>et</span> <span class='ocrx_word' id='word_1_101' title='bbox 1315 1042 1557 1083; x_wconf 89' lang='lat' dir='ltr'>ordinibus</span> <span class='ocrx_word' id='word_1_102' title='bbox 1597 1042 1819 1084; x_wconf 87' lang='lat' dir='ltr'>faciendis</span> <span class='ocrx_word' id='word_1_103' title='bbox 1862 1055 2042 1096; x_wconf 91' lang='lat' dir='ltr'>semper</span> <span class='ocrx_word' id='word_1_104' title='bbox 2080 1042 2164 1083; x_wconf 88' lang='lat' dir='ltr'>fuit</span> 
     </span>
     <span class='ocr_line' id='line_1_18' title="bbox 509 1115 2162 1169; baseline 0.001 -15"><span class='ocrx_word' id='word_1_105' title='bbox 509 1118 756 1155; x_wconf 87' lang='lat' dir='ltr'>strennuus</span> <span class='ocrx_word' id='word_1_106' title='bbox 804 1118 845 1154; x_wconf 88' lang='lat' dir='ltr'>et</span> <span class='ocrx_word' id='word_1_107' title='bbox 890 1115 1101 1166; x_wconf 88' lang='lat' dir='ltr'>deuotus,</span> <span class='ocrx_word' id='word_1_108' title='bbox 1147 1115 1195 1154; x_wconf 91' lang='lat' dir='ltr'>in</span> <span class='ocrx_word' id='word_1_109' title='bbox 1242 1115 1446 1168; x_wconf 87' lang='lat' dir='ltr'>consilijs</span> <span class='ocrx_word' id='word_1_110' title='bbox 1493 1119 1535 1155; x_wconf 92' lang='lat' dir='ltr'>et</span> <span class='ocrx_word' id='word_1_111' title='bbox 1580 1115 1763 1169; x_wconf 90' lang='lat' dir='ltr'>iudicijs</span> <span class='ocrx_word' id='word_1_112' title='bbox 1805 1115 1900 1155; x_wconf 90' lang='lat' dir='ltr'>suis</span> <span class='ocrx_word' id='word_1_113' title='bbox 1939 1115 2162 1169; x_wconf 89' lang='lat' dir='ltr'>prouidus</span> 
     </span>
     <span class='ocr_line' id='line_1_19' title="bbox 508 1187 2162 1242; baseline 0.001 -15"><span class='ocrx_word' id='word_1_114' title='bbox 508 1187 640 1228; x_wconf 84' lang='lat' dir='ltr'>valde</span> <span class='ocrx_word' id='word_1_115' title='bbox 672 1190 715 1228; x_wconf 92' lang='lat' dir='ltr'>et</span> <span class='ocrx_word' id='word_1_116' title='bbox 746 1187 984 1239; x_wconf 84' lang='lat' dir='ltr'>discretus,</span> <span class='ocrx_word' id='word_1_117' title='bbox 1016 1188 1063 1227; x_wconf 93' lang='lat' dir='ltr'>in</span> <span class='ocrx_word' id='word_1_118' title='bbox 1096 1187 1328 1242; x_wconf 90' lang='lat' dir='ltr'>colloquio</span> <span class='ocrx_word' id='word_1_119' title='bbox 1362 1188 1485 1228; x_wconf 88' lang='lat' dir='ltr'>mitis</span> <span class='ocrx_word' id='word_1_120' title='bbox 1518 1192 1559 1228; x_wconf 89' lang='lat' dir='ltr'>et</span> <span class='ocrx_word' id='word_1_121' title='bbox 1586 1188 1788 1237; x_wconf 85' lang='lat' dir='ltr'>humilis,</span> <span class='ocrx_word' id='word_1_122' title='bbox 1822 1188 1868 1228; x_wconf 92' lang='lat' dir='ltr'>in</span> <span class='ocrx_word' id='word_1_123' title='bbox 1895 1201 2054 1229; x_wconf 85' lang='lat' dir='ltr'>mensa</span> <span class='ocrx_word' id='word_1_124' title='bbox 2080 1201 2162 1229; x_wconf 89' lang='lat' dir='ltr'>sua</span> 
     </span>
     <span class='ocr_line' id='line_1_20' title="bbox 509 1259 2163 1314; baseline 0.001 -15"><span class='ocrx_word' id='word_1_125' title='bbox 509 1261 661 1312; x_wconf 81' lang='lat' dir='ltr'>largus</span> <span class='ocrx_word' id='word_1_126' title='bbox 709 1263 750 1300; x_wconf 91' lang='lat' dir='ltr'>et</span> <span class='ocrx_word' id='word_1_127' title='bbox 795 1259 941 1310; x_wconf 64' lang='lat' dir='ltr'>ilaris,</span> <span class='ocrx_word' id='word_1_128' title='bbox 1000 1265 1136 1314; x_wconf 86' lang='lat' dir='ltr'>atque</span> <span class='ocrx_word' id='word_1_129' title='bbox 1183 1260 1390 1301; x_wconf 85' lang='lat' dir='ltr'>honestis</span> <span class='ocrx_word' id='word_1_130' title='bbox 1438 1260 1700 1314; x_wconf 90' lang='lat' dir='ltr'>hospitibus</span> <span class='ocrx_word' id='word_1_131' title='bbox 1745 1261 1841 1301; x_wconf 93' lang='lat' dir='ltr'>suis</span> <span class='ocrx_word' id='word_1_132' title='bbox 1889 1274 2069 1314; x_wconf 88' lang='lat' dir='ltr'>semper</span> <span class='ocrx_word' id='word_1_133' title='bbox 2117 1274 2163 1302; x_wconf 92' lang='lat' dir='ltr'>se</span> 
     </span>
     <span class='ocr_line' id='line_1_21' title="bbox 509 1332 2161 1386; baseline 0.001 -14"><span class='ocrx_word' id='word_1_134' title='bbox 509 1332 841 1384; x_wconf 79' lang='lat' dir='ltr'>conformabat,</span> <span class='ocrx_word' id='word_1_135' title='bbox 875 1334 1131 1373; x_wconf 89' lang='lat' dir='ltr'>secundum</span> <span class='ocrx_word' id='word_1_136' title='bbox 1164 1333 1277 1373; x_wconf 89' lang='lat' dir='ltr'>illud</span> <span class='ocrx_word' id='word_1_137' title='bbox 1311 1333 1528 1386; x_wconf 89' lang='lat' dir='ltr'>apostoli:</span> <span class='ocrx_word' id='word_1_138' title='bbox 1561 1334 1809 1375; x_wconf 85' lang='lat' dir='ltr'>‘Omnibus</span> <span class='ocrx_word' id='word_1_139' title='bbox 1834 1334 1989 1374; x_wconf 90' lang='lat' dir='ltr'>omnia</span> <span class='ocrx_word' id='word_1_140' title='bbox 2015 1334 2161 1374; x_wconf 88' lang='lat' dir='ltr'>factus</span> 
     </span>
     <span class='ocr_line' id='line_1_22' title="bbox 510 1405 2161 1459; baseline 0.001 -15"><span class='ocrx_word' id='word_1_141' title='bbox 510 1418 627 1457; x_wconf 84' lang='lat' dir='ltr'>sum,</span> <span class='ocrx_word' id='word_1_142' title='bbox 674 1409 722 1445; x_wconf 85' lang='lat' dir='ltr'>vt</span> <span class='ocrx_word' id='word_1_143' title='bbox 759 1418 920 1445; x_wconf 89' lang='lat' dir='ltr'>omnes</span> <span class='ocrx_word' id='word_1_144' title='bbox 959 1405 1270 1446; x_wconf 81' lang='lat' dir='ltr'>lucrifaciam&#39;.</span> <span class='ocrx_word' id='word_1_145' title='bbox 1334 1407 1460 1446; x_wconf 91' lang='lat' dir='ltr'>Duas</span> <span class='ocrx_word' id='word_1_146' title='bbox 1508 1410 1661 1447; x_wconf 89' lang='lat' dir='ltr'>autem</span> <span class='ocrx_word' id='word_1_147' title='bbox 1710 1406 1977 1447; x_wconf 86' lang='lat' dir='ltr'>festiuitates</span> <span class='ocrx_word' id='word_1_148' title='bbox 2022 1406 2161 1459; x_wconf 90' lang='lat' dir='ltr'>preci-</span> 
     </span>
     <span class='ocr_line' id='line_1_23' title="bbox 510 1477 2160 1532; baseline 0.001 -15"><span class='ocrx_word' id='word_1_149' title='bbox 510 1489 639 1530; x_wconf 88' lang='lat' dir='ltr'>puas,</span> <span class='ocrx_word' id='word_1_150' title='bbox 688 1477 724 1517; x_wconf 91' lang='lat' dir='ltr'>si</span> <span class='ocrx_word' id='word_1_151' title='bbox 764 1477 810 1517; x_wconf 93' lang='lat' dir='ltr'>in</span> <span class='ocrx_word' id='word_1_152' title='bbox 851 1491 933 1518; x_wconf 92' lang='lat' dir='ltr'>sua</span> <span class='ocrx_word' id='word_1_153' title='bbox 973 1478 1159 1531; x_wconf 87' lang='lat' dir='ltr'>dyocesi</span> <span class='ocrx_word' id='word_1_154' title='bbox 1198 1482 1417 1531; x_wconf 87' lang='lat' dir='ltr'>maneret,</span> <span class='ocrx_word' id='word_1_155' title='bbox 1464 1491 1569 1519; x_wconf 90' lang='lat' dir='ltr'>cum</span> <span class='ocrx_word' id='word_1_156' title='bbox 1613 1490 1780 1531; x_wconf 82' lang='lat' dir='ltr'>magno</span> <span class='ocrx_word' id='word_1_157' title='bbox 1813 1483 1856 1519; x_wconf 90' lang='lat' dir='ltr'>et</span> <span class='ocrx_word' id='word_1_158' title='bbox 1888 1483 2160 1532; x_wconf 90' lang='lat' dir='ltr'>sumptuoso</span> 
     </span>
     <span class='ocr_line' id='line_1_24' title="bbox 510 1550 2161 1605; baseline 0.002 -16"><span class='ocrx_word' id='word_1_159' title='bbox 510 1553 733 1603; x_wconf 86' lang='lat' dir='ltr'>apparatu</span> <span class='ocrx_word' id='word_1_160' title='bbox 781 1550 1022 1591; x_wconf 86' lang='lat' dir='ltr'>annuatim</span> <span class='ocrx_word' id='word_1_161' title='bbox 1069 1551 1284 1603; x_wconf 79' lang='lat' dir='ltr'>faciebat,</span> <span class='ocrx_word' id='word_1_162' title='bbox 1340 1551 1549 1592; x_wconf 84' lang='lat' dir='ltr'>videlicet</span> <span class='ocrx_word' id='word_1_163' title='bbox 1594 1551 1978 1605; x_wconf 88' lang='lat' dir='ltr'>Assumpcionem</span> <span class='ocrx_word' id='word_1_164' title='bbox 2032 1552 2161 1592; x_wconf 88' lang='lat' dir='ltr'>beate</span> 
     </span>
     <span class='ocr_line' id='line_1_25' title="bbox 510 1622 2161 1677; baseline 0.001 -15"><span class='ocrx_word' id='word_1_165' title='bbox 510 1622 697 1674; x_wconf 82' lang='lat' dir='ltr'>virginis</span> <span class='ocrx_word' id='word_1_166' title='bbox 730 1626 771 1663; x_wconf 89' lang='lat' dir='ltr'>et</span> <span class='ocrx_word' id='word_1_167' title='bbox 803 1623 1086 1664; x_wconf 87' lang='lat' dir='ltr'>dominicam</span> <span class='ocrx_word' id='word_1_168' title='bbox 1121 1628 1463 1664; x_wconf 88' lang='lat' dir='ltr'>sacrosanctam</span> <span class='ocrx_word' id='word_1_169' title='bbox 1494 1624 1707 1664; x_wconf 90' lang='lat' dir='ltr'>natalem.</span> <span class='ocrx_word' id='word_1_170' title='bbox 1758 1624 1809 1664; x_wconf 94' lang='lat' dir='ltr'>ln</span> <span class='ocrx_word' id='word_1_171' title='bbox 1827 1624 2161 1677; x_wconf 90' lang='lat' dir='ltr'>Assumpcione</span> 
     </span>
     <span class='ocr_line' id='line_1_26' title="bbox 510 1694 2159 1738; baseline 0.002 -4"><span class='ocrx_word' id='word_1_172' title='bbox 510 1707 615 1735; x_wconf 83' lang='lat' dir='ltr'>vero</span> <span class='ocrx_word' id='word_1_173' title='bbox 647 1694 896 1736; x_wconf 87' lang='lat' dir='ltr'>nobiliores</span> <span class='ocrx_word' id='word_1_174' title='bbox 924 1696 1092 1737; x_wconf 87' lang='lat' dir='ltr'>milites</span> <span class='ocrx_word' id='word_1_175' title='bbox 1117 1700 1159 1737; x_wconf 90' lang='lat' dir='ltr'>et</span> <span class='ocrx_word' id='word_1_176' title='bbox 1183 1710 1343 1737; x_wconf 90' lang='lat' dir='ltr'>eorum</span> <span class='ocrx_word' id='word_1_177' title='bbox 1368 1710 1531 1738; x_wconf 83' lang='lat' dir='ltr'>vxores</span> <span class='ocrx_word' id='word_1_178' title='bbox 1555 1698 1611 1737; x_wconf 90' lang='lat' dir='ltr'>ad</span> <span class='ocrx_word' id='word_1_179' title='bbox 1636 1709 1683 1737; x_wconf 92' lang='lat' dir='ltr'>se</span> <span class='ocrx_word' id='word_1_180' title='bbox 1699 1697 1906 1738; x_wconf 86' lang='lat' dir='ltr'>Asmiald</span> <span class='ocrx_word' id='word_1_181' title='bbox 1932 1696 2159 1737; x_wconf 85' lang='lat' dir='ltr'>inuitauit.</span> 
     </span>
     <span class='ocr_line' id='line_1_27' title="bbox 510 1767 2161 1823; baseline 0.001 -16"><span class='ocrx_word' id='word_1_182' title='bbox 510 1767 565 1807; x_wconf 89' lang='lat' dir='ltr'>Et</span> <span class='ocrx_word' id='word_1_183' title='bbox 596 1768 643 1808; x_wconf 93' lang='lat' dir='ltr'>in</span> <span class='ocrx_word' id='word_1_184' title='bbox 676 1768 827 1808; x_wconf 85' lang='lat' dir='ltr'>natale</span> <span class='ocrx_word' id='word_1_185' title='bbox 860 1769 1038 1809; x_wconf 90' lang='lat' dir='ltr'>domini</span> <span class='ocrx_word' id='word_1_186' title='bbox 1078 1773 1277 1822; x_wconf 88' lang='lat' dir='ltr'>quatuor</span> <span class='ocrx_word' id='word_1_187' title='bbox 1314 1770 1572 1823; x_wconf 86' lang='lat' dir='ltr'>prepositos</span> <span class='ocrx_word' id='word_1_188' title='bbox 1614 1773 1656 1810; x_wconf 90' lang='lat' dir='ltr'>et</span> <span class='ocrx_word' id='word_1_189' title='bbox 1685 1767 1696 1823; x_wconf 80' lang='grc' dir='ltr'>Η</span> <span class='ocrx_word' id='word_1_190' title='bbox 1727 1770 1881 1823; x_wconf 88' lang='lat' dir='ltr'>plures</span> <span class='ocrx_word' id='word_1_191' title='bbox 1912 1770 1967 1809; x_wconf 90' lang='lat' dir='ltr'>de</span> <span class='ocrx_word' id='word_1_192' title='bbox 2001 1769 2161 1809; x_wconf 92' lang='lat' dir='ltr'>nobili-</span> 
     </span>
    </p>
   </div>
   <div class='ocr_carea' id='block_1_7' title="bbox 507 1839 2160 1896">
    <p class='ocr_par' dir='ltr' id='par_1_8' title="bbox 507 1839 2160 1896">
     <span class='ocr_line' id='line_1_28' title="bbox 507 1839 2160 1896; baseline 0.001 -17"><span class='ocrx_word' id='word_1_193' title='bbox 507 1839 665 1880; x_wconf 89' lang='lat' dir='ltr'>oribus</span> <span class='ocrx_word' id='word_1_194' title='bbox 704 1840 893 1893; x_wconf 82' lang='lat' dir='ltr'>clericis,</span> <span class='ocrx_word' id='word_1_195' title='bbox 942 1842 1141 1895; x_wconf 81' lang='lat' dir='ltr'>exceptis</span> <span class='ocrx_word' id='word_1_196' title='bbox 1182 1842 1406 1894; x_wconf 75' lang='lat' dir='ltr'>religiosis</span> <span class='ocrx_word' id='word_1_197' title='bbox 1451 1842 1552 1896; x_wconf 87' lang='lat' dir='ltr'>alijs</span> <span class='ocrx_word' id='word_1_198' title='bbox 1594 1846 1635 1883; x_wconf 87' lang='lat' dir='ltr'>et</span> <span class='ocrx_word' id='word_1_199' title='bbox 1673 1842 1902 1895; x_wconf 89' lang='lat' dir='ltr'>prioribus</span> <span class='ocrx_word' id='word_1_200' title='bbox 1950 1854 2003 1882; x_wconf 89' lang='lat' dir='ltr'>ac</span> <span class='ocrx_word' id='word_1_201' title='bbox 2040 1855 2160 1895; x_wconf 89' lang='lat' dir='ltr'>pres-</span> 
     </span>
    </p>
   </div>
   <div class='ocr_carea' id='block_1_8' title="bbox 438 2067 480 2097">
    <p class='ocr_par' dir='ltr' id='par_1_9' title="bbox 438 2067 480 2097">
     <span class='ocr_line' id='line_1_29' title="bbox 438 2067 480 2097; baseline 0 0"><span class='ocrx_word' id='word_1_202' title='bbox 438 2067 480 2097; x_wconf 87' lang='lat'>25</span> 
     </span>
    </p>
   </div>
   <div class='ocr_carea' id='block_1_9' title="bbox 436 2431 479 2462">
    <p class='ocr_par' dir='ltr' id='par_1_10' title="bbox 436 2431 479 2462">
     <span class='ocr_line' id='line_1_30' title="bbox 436 2431 479 2462; baseline 0.023 -1"><span class='ocrx_word' id='word_1_203' title='bbox 436 2431 479 2462; x_wconf 88' lang='lat'>30</span> 
     </span>
    </p>
   </div>
   <div class='ocr_carea' id='block_1_10' title="bbox 505 1912 2159 2623">
    <p class='ocr_par' dir='ltr' id='par_1_11' title="bbox 505 1912 2159 2623">
     <span class='ocr_line' id='line_1_31' title="bbox 507 1912 2159 1969; baseline 0.002 -17"><span class='ocrx_word' id='word_1_204' title='bbox 507 1912 684 1965; x_wconf 81' lang='lat' dir='ltr'>biteris,</span> <span class='ocrx_word' id='word_1_205' title='bbox 742 1926 898 1954; x_wconf 88' lang='lat' dir='ltr'>secum</span> <span class='ocrx_word' id='word_1_206' title='bbox 951 1914 1121 1955; x_wconf 87' lang='lat' dir='ltr'>habere</span> <span class='ocrx_word' id='word_1_207' title='bbox 1177 1915 1440 1955; x_wconf 85' lang='lat' dir='ltr'>nullatenus</span> <span class='ocrx_word' id='word_1_208' title='bbox 1493 1915 1659 1956; x_wconf 90' lang='lat' dir='ltr'>omisit.</span> <span class='ocrx_word' id='word_1_209' title='bbox 1753 1915 1928 1956; x_wconf 87' lang='lat' dir='ltr'>Omnes</span> <span class='ocrx_word' id='word_1_210' title='bbox 1976 1928 2159 1969; x_wconf 90' lang='lat' dir='ltr'>quoque</span> 
     </span>
     <span class='ocr_line' id='line_1_32' title="bbox 507 1987 2159 2041; baseline 0.002 -16"><span class='ocrx_word' id='word_1_211' title='bbox 507 1998 673 2038; x_wconf 90' lang='lat' dir='ltr'>pueros</span> <span class='ocrx_word' id='word_1_212' title='bbox 715 1999 823 2027; x_wconf 91' lang='lat' dir='ltr'>suos</span> <span class='ocrx_word' id='word_1_213' title='bbox 865 1987 1063 2028; x_wconf 88' lang='lat' dir='ltr'>maiores</span> <span class='ocrx_word' id='word_1_214' title='bbox 1102 1991 1143 2028; x_wconf 90' lang='lat' dir='ltr'>et</span> <span class='ocrx_word' id='word_1_215' title='bbox 1182 1987 1384 2028; x_wconf 90' lang='lat' dir='ltr'>minores</span> <span class='ocrx_word' id='word_1_216' title='bbox 1417 1988 1597 2028; x_wconf 89' lang='lat' dir='ltr'>nouiter</span> <span class='ocrx_word' id='word_1_217' title='bbox 1629 1991 1671 2028; x_wconf 92' lang='lat' dir='ltr'>et</span> <span class='ocrx_word' id='word_1_218' title='bbox 1703 1987 1942 2041; x_wconf 91' lang='lat' dir='ltr'>splendide</span> <span class='ocrx_word' id='word_1_219' title='bbox 1973 1987 2159 2028; x_wconf 83' lang='lat' dir='ltr'>vestitos</span> 
     </span>
     <span class='ocr_line' id='line_1_33' title="bbox 509 2059 2159 2111; baseline 0.001 -13"><span class='ocrx_word' id='word_1_220' title='bbox 509 2070 664 2099; x_wconf 92' lang='lat' dir='ltr'>secum</span> <span class='ocrx_word' id='word_1_221' title='bbox 697 2059 872 2111; x_wconf 87' lang='lat' dir='ltr'>habuit,</span> <span class='ocrx_word' id='word_1_222' title='bbox 916 2060 1168 2100; x_wconf 82' lang='lat' dir='ltr'>maximam</span> <span class='ocrx_word' id='word_1_223' title='bbox 1203 2072 1362 2100; x_wconf 89' lang='lat' dir='ltr'>curam</span> <span class='ocrx_word' id='word_1_224' title='bbox 1396 2060 1459 2101; x_wconf 87' lang='lat' dir='ltr'>eis</span> <span class='ocrx_word' id='word_1_225' title='bbox 1491 2060 1731 2110; x_wconf 84' lang='lat' dir='ltr'>adhibens,</span> <span class='ocrx_word' id='word_1_226' title='bbox 1771 2064 1817 2101; x_wconf 86' lang='lat' dir='ltr'>vt</span> <span class='ocrx_word' id='word_1_227' title='bbox 1848 2060 1976 2100; x_wconf 91' lang='lat' dir='ltr'>nulla</span> <span class='ocrx_word' id='word_1_228' title='bbox 2008 2073 2159 2101; x_wconf 89' lang='lat' dir='ltr'>neces-</span> 
     </span>
     <span class='ocr_line' id='line_1_34' title="bbox 508 2131 2157 2174; baseline 0.001 -3"><span class='ocrx_word' id='word_1_229' title='bbox 508 2131 627 2171; x_wconf 87' lang='lat' dir='ltr'>saria</span> <span class='ocrx_word' id='word_1_230' title='bbox 674 2131 762 2172; x_wconf 91' lang='lat' dir='ltr'>sibi</span> <span class='ocrx_word' id='word_1_231' title='bbox 809 2136 1031 2173; x_wconf 85' lang='lat' dir='ltr'>deessent.</span> <span class='ocrx_word' id='word_1_232' title='bbox 1104 2133 1220 2173; x_wconf 90' lang='lat' dir='ltr'>Tam</span> <span class='ocrx_word' id='word_1_233' title='bbox 1268 2133 1510 2174; x_wconf 88' lang='lat' dir='ltr'>honestam</span> <span class='ocrx_word' id='word_1_234' title='bbox 1558 2133 1941 2174; x_wconf 88' lang='lat' dir='ltr'>consuetudinem</span> <span class='ocrx_word' id='word_1_235' title='bbox 1987 2133 2034 2174; x_wconf 90' lang='lat' dir='ltr'>in</span> <span class='ocrx_word' id='word_1_236' title='bbox 2082 2133 2157 2173; x_wconf 92' lang='lat' dir='ltr'>illa</span> 
     </span>
     <span class='ocr_line' id='line_1_35' title="bbox 507 2193 2157 2262; baseline 0.001 -17"><span class='ocrx_word' id='word_1_237' title='bbox 507 2204 711 2259; x_wconf 80' lang='lat' dir='ltr'>natale(1)</span> <span class='ocrx_word' id='word_1_238' title='bbox 735 2206 911 2247; x_wconf 91' lang='lat' dir='ltr'>domini</span> <span class='ocrx_word' id='word_1_239' title='bbox 935 2206 1273 2260; x_wconf 86' lang='lat' dir='ltr'>sollempnitate</span> <span class='ocrx_word' id='word_1_240' title='bbox 1296 2207 1494 2248; x_wconf 88' lang='lat' dir='ltr'>ducebat</span> <span class='ocrx_word' id='word_1_241' title='bbox 1516 2212 1557 2248; x_wconf 88' lang='lat' dir='ltr'>et</span> <span class='ocrx_word' id='word_1_242' title='bbox 1581 2193 1862 2262; x_wconf 73' lang='lat' dir='ltr'>(liberalem),</span> <span class='ocrx_word' id='word_1_243' title='bbox 1895 2210 1955 2260; x_wconf 79' lang='lat' dir='ltr'>vt,</span> <span class='ocrx_word' id='word_1_244' title='bbox 1979 2207 2157 2248; x_wconf 89' lang='lat' dir='ltr'>emissis</span> 
     </span>
     <span class='ocr_line' id='line_1_36' title="bbox 507 2278 2157 2334; baseline 0.001 -16"><span class='ocrx_word' id='word_1_245' title='bbox 507 2278 725 2318; x_wconf 91' lang='lat' dir='ltr'>omnibus</span> <span class='ocrx_word' id='word_1_246' title='bbox 765 2278 1032 2319; x_wconf 89' lang='lat' dir='ltr'>cursoribus</span> <span class='ocrx_word' id='word_1_247' title='bbox 1073 2283 1114 2320; x_wconf 90' lang='lat' dir='ltr'>et</span> <span class='ocrx_word' id='word_1_248' title='bbox 1153 2279 1448 2331; x_wconf 81' lang='lat' dir='ltr'>garcionibus</span> <span class='ocrx_word' id='word_1_249' title='bbox 1480 2280 1807 2334; x_wconf 79' lang='lat' dir='ltr'>equitantibus,</span> <span class='ocrx_word' id='word_1_250' title='bbox 1851 2280 2019 2332; x_wconf 85' lang='lat' dir='ltr'>singuli</span> <span class='ocrx_word' id='word_1_251' title='bbox 2052 2292 2157 2320; x_wconf 89' lang='lat' dir='ltr'>cum</span> 
     </span>
     <span class='ocr_line' id='line_1_37' title="bbox 507 2350 2157 2406; baseline 0.002 -16"><span class='ocrx_word' id='word_1_252' title='bbox 507 2350 636 2403; x_wconf 90' lang='lat' dir='ltr'>equis</span> <span class='ocrx_word' id='word_1_253' title='bbox 682 2351 878 2403; x_wconf 86' lang='lat' dir='ltr'>duabus,</span> <span class='ocrx_word' id='word_1_254' title='bbox 925 2352 983 2391; x_wconf 88' lang='lat' dir='ltr'>ad</span> <span class='ocrx_word' id='word_1_255' title='bbox 1030 2351 1205 2392; x_wconf 88' lang='lat' dir='ltr'>amicos</span> <span class='ocrx_word' id='word_1_256' title='bbox 1251 2364 1360 2393; x_wconf 92' lang='lat' dir='ltr'>suos</span> <span class='ocrx_word' id='word_1_257' title='bbox 1398 2357 1439 2393; x_wconf 87' lang='lat' dir='ltr'>et</span> <span class='ocrx_word' id='word_1_258' title='bbox 1478 2353 1755 2406; x_wconf 90' lang='lat' dir='ltr'>presbiteros</span> <span class='ocrx_word' id='word_1_259' title='bbox 1796 2352 2157 2406; x_wconf 85' lang='lat' dir='ltr'>circumquaque</span> 
     </span>
     <span class='ocr_line' id='line_1_38' title="bbox 507 2424 2155 2477; baseline 0.001 -14"><span class='ocrx_word' id='word_1_260' title='bbox 507 2435 586 2475; x_wconf 91' lang='lat' dir='ltr'>per</span> <span class='ocrx_word' id='word_1_261' title='bbox 617 2424 866 2476; x_wconf 86' lang='lat' dir='ltr'>dyocesim,</span> <span class='ocrx_word' id='word_1_262' title='bbox 900 2424 984 2464; x_wconf 91' lang='lat' dir='ltr'>soli</span> <span class='ocrx_word' id='word_1_263' title='bbox 1017 2424 1198 2464; x_wconf 90' lang='lat' dir='ltr'>honesti</span> <span class='ocrx_word' id='word_1_264' title='bbox 1232 2424 1315 2465; x_wconf 90' lang='lat' dir='ltr'>viri</span> <span class='ocrx_word' id='word_1_265' title='bbox 1345 2437 1399 2465; x_wconf 86' lang='lat' dir='ltr'>ac</span> <span class='ocrx_word' id='word_1_266' title='bbox 1429 2425 1637 2477; x_wconf 85' lang='lat' dir='ltr'>generosi</span> <span class='ocrx_word' id='word_1_267' title='bbox 1670 2438 1826 2466; x_wconf 89' lang='lat' dir='ltr'>secum</span> <span class='ocrx_word' id='word_1_268' title='bbox 1854 2429 2155 2466; x_wconf 86' lang='lat' dir='ltr'>remanerent.</span> 
     </span>
     <span class='ocr_line' id='line_1_39' title="bbox 505 2495 2157 2547; baseline 0.001 -12"><span class='ocrx_word' id='word_1_269' title='bbox 505 2496 541 2535; x_wconf 92' lang='lat' dir='ltr'>A</span> <span class='ocrx_word' id='word_1_270' title='bbox 589 2495 741 2547; x_wconf 73' lang='lat' dir='ltr'>vigilia</span> <span class='ocrx_word' id='word_1_271' title='bbox 787 2500 939 2536; x_wconf 89' lang='lat' dir='ltr'>autem</span> <span class='ocrx_word' id='word_1_272' title='bbox 983 2497 1148 2537; x_wconf 85' lang='lat' dir='ltr'>natalis</span> <span class='ocrx_word' id='word_1_273' title='bbox 1187 2497 1365 2537; x_wconf 89' lang='lat' dir='ltr'>domini</span> <span class='ocrx_word' id='word_1_274' title='bbox 1403 2497 1506 2538; x_wconf 90' lang='lat' dir='ltr'>licet</span> <span class='ocrx_word' id='word_1_275' title='bbox 1543 2498 1676 2539; x_wconf 87' lang='lat' dir='ltr'>valde</span> <span class='ocrx_word' id='word_1_276' title='bbox 1719 2498 1934 2538; x_wconf 91' lang='lat' dir='ltr'>deliciose</span> <span class='ocrx_word' id='word_1_277' title='bbox 1973 2497 2157 2537; x_wconf 83' lang='lat' dir='ltr'>viuebat</span> 
     </span>
     <span class='ocr_line' id='line_1_40' title="bbox 507 2568 2153 2623; baseline 0.001 -16"><span class='ocrx_word' id='word_1_278' title='bbox 507 2568 706 2620; x_wconf 92' lang='lat' dir='ltr'>populus</span> <span class='ocrx_word' id='word_1_279' title='bbox 754 2582 865 2609; x_wconf 92' lang='lat' dir='ltr'>suus</span> <span class='ocrx_word' id='word_1_280' title='bbox 913 2581 1093 2622; x_wconf 91' lang='lat' dir='ltr'>semper</span> <span class='ocrx_word' id='word_1_281' title='bbox 1138 2569 1214 2609; x_wconf 90' lang='lat' dir='ltr'>illa</span> <span class='ocrx_word' id='word_1_282' title='bbox 1263 2569 1615 2623; x_wconf 85' lang='lat' dir='ltr'>sollempnitate,</span> <span class='ocrx_word' id='word_1_283' title='bbox 1662 2570 1805 2611; x_wconf 91' lang='lat' dir='ltr'>nichil</span> <span class='ocrx_word' id='word_1_284' title='bbox 1847 2570 1972 2610; x_wconf 88' lang='lat' dir='ltr'>aliud</span> <span class='ocrx_word' id='word_1_285' title='bbox 2015 2582 2153 2623; x_wconf 89' lang='lat' dir='ltr'>quam</span> 
     </span>
    </p>
   </div>
   <div class='ocr_carea' id='block_1_11' title="bbox 508 2664 1481 2669">
    <p class='ocr_par' dir='ltr' id='par_1_12' title="bbox 508 2664 1481 2669">
     <span class='ocr_line' id='line_1_41' title="bbox 508 2664 1481 2669; baseline 0 0"><span class='ocrx_word' id='word_1_286' title='bbox 508 2664 1481 2669; x_wconf 95' lang='lat' dir='ltr'> </span> 
     </span>
    </p>
   </div>
   <div class='ocr_carea' id='block_1_12' title="bbox 1648 2665 2155 2671">
    <p class='ocr_par' dir='ltr' id='par_1_13' title="bbox 1648 2665 2155 2671">
     <span class='ocr_line' id='line_1_42' title="bbox 1648 2665 2155 2671; baseline 0 0"><span class='ocrx_word' id='word_1_287' title='bbox 1648 2665 2155 2671; x_wconf 95' lang='lat' dir='ltr'> </span> 
     </span>
    </p>
   </div>
   <div class='ocr_carea' id='block_1_13' title="bbox 502 2724 2155 3115">
    <p class='ocr_par' dir='ltr' id='par_1_14' title="bbox 502 2724 2155 3115">
     <span class='ocr_line' id='line_1_43' title="bbox 595 2724 2153 2772; baseline 0.001 -13"><span class='ocrx_word' id='word_1_288' title='bbox 595 2724 628 2760; x_wconf 91' lang='lat'>1.</span> <span class='ocrx_word' id='word_1_289' title='bbox 662 2724 895 2769; x_wconf 85' lang='lat' dir='ltr'>parasiensi</span> <span class='ocrx_word' id='word_1_290' title='bbox 928 2724 973 2761; x_wconf 93' lang='lat' dir='ltr'>C.</span> <span class='ocrx_word' id='word_1_291' title='bbox 1035 2726 1070 2761; x_wconf 89' lang='lat'>2.</span> <span class='ocrx_word' id='word_1_292' title='bbox 1103 2725 1251 2771; x_wconf 84' lang='lat' dir='ltr'>grandi</span> <span class='ocrx_word' id='word_1_293' title='bbox 1291 2724 1401 2770; x_wconf 84' lang='lat' dir='ltr'>infra</span> <span class='ocrx_word' id='word_1_294' title='bbox 1443 2736 1602 2762; x_wconf 82' lang='lat' dir='ltr'>versam</span> <span class='ocrx_word' id='word_1_295' title='bbox 1636 2726 1676 2762; x_wconf 86' lang='lat' dir='ltr'>in</span> <span class='ocrx_word' id='word_1_296' title='bbox 1711 2727 1791 2763; x_wconf 88' lang='lat' dir='ltr'>imo</span> <span class='ocrx_word' id='word_1_297' title='bbox 1824 2736 1953 2772; x_wconf 64' lang='grc' dir='ltr'><em>Μαι-9.</em></span> <span class='ocrx_word' id='word_1_298' title='bbox 1986 2726 2076 2762; x_wconf 82' lang='lat' dir='ltr'>add.</span> <span class='ocrx_word' id='word_1_299' title='bbox 2110 2725 2153 2761; x_wconf 94' lang='lat' dir='ltr'>C.</span> 
     </span>
     <span class='ocr_line' id='line_1_44' title="bbox 507 2780 2155 2829; baseline 0.001 -13"><span class='ocrx_word' id='word_1_300' title='bbox 507 2781 543 2816; x_wconf 84' lang='lat'>9.</span> <span class='ocrx_word' id='word_1_301' title='bbox 561 2780 611 2816; x_wconf 88' lang='lat' dir='ltr'>de</span> <span class='ocrx_word' id='word_1_302' title='bbox 630 2781 670 2816; x_wconf 83' lang='lat' dir='ltr'>in</span> <span class='ocrx_word' id='word_1_303' title='bbox 687 2781 770 2826; x_wconf 80' lang='lat' dir='ltr'>fine</span> <span class='ocrx_word' id='word_1_304' title='bbox 787 2792 935 2827; x_wconf 79' lang='lat' dir='ltr'>versus,</span> <span class='ocrx_word' id='word_1_305' title='bbox 963 2782 1054 2829; x_wconf 85' lang='lat' dir='ltr'>alijs</span> <span class='ocrx_word' id='word_1_306' title='bbox 1079 2793 1160 2828; x_wconf 87' lang='lat' dir='ltr'>que</span> <span class='ocrx_word' id='word_1_307' title='bbox 1185 2783 1226 2818; x_wconf 81' lang='lat' dir='ltr'>in</span> <span class='ocrx_word' id='word_1_308' title='bbox 1251 2782 1365 2818; x_wconf 74' lang='lat' dir='ltr'>initio</span> <span class='ocrx_word' id='word_1_309' title='bbox 1389 2784 1589 2829; x_wconf 78' lang='lat' dir='ltr'>sequentis</span> <span class='ocrx_word' id='word_1_310' title='bbox 1614 2793 1751 2820; x_wconf 80' lang='lat' dir='ltr'>versus</span> <span class='ocrx_word' id='word_1_311' title='bbox 1768 2784 1860 2820; x_wconf 84' lang='lat' dir='ltr'>add.</span> <span class='ocrx_word' id='word_1_312' title='bbox 1879 2784 1923 2820; x_wconf 88' lang='lat' dir='ltr'>C.</span> <span class='ocrx_word' id='word_1_313' title='bbox 1982 2785 2040 2819; x_wconf 87' lang='lat'>15.</span> <span class='ocrx_word' id='word_1_314' title='bbox 2060 2793 2155 2818; x_wconf 89' lang='lat' dir='ltr'>con-</span> 
     </span>
     <span class='ocr_line' id='line_1_45' title="bbox 505 2836 2154 2887; baseline 0.002 -15"><span class='ocrx_word' id='word_1_315' title='bbox 505 2836 698 2873; x_wconf 83' lang='lat' dir='ltr'>formaba</span> <span class='ocrx_word' id='word_1_316' title='bbox 716 2839 754 2882; x_wconf 80' lang='lat'>(1)</span> <span class='ocrx_word' id='word_1_317' title='bbox 787 2838 831 2875; x_wconf 90' lang='lat' dir='ltr'>C.</span> <span class='ocrx_word' id='word_1_318' title='bbox 898 2839 1074 2876; x_wconf 83' lang='lat'>15—16.</span> <span class='ocrx_word' id='word_1_319' title='bbox 1110 2839 1664 2877; x_wconf 82' lang='lat' dir='ltr'>Omnibus..lucrifaciam:</span> <span class='ocrx_word' id='word_1_320' title='bbox 1697 2840 1769 2887; x_wconf 85' lang='lat' dir='ltr'>cfr.</span> <span class='ocrx_word' id='word_1_321' title='bbox 1794 2840 1972 2877; x_wconf 78' lang='lat' dir='ltr'>Corinth.</span> <span class='ocrx_word' id='word_1_322' title='bbox 1990 2840 2019 2886; x_wconf 84' lang='lat' dir='ltr'>I,</span> <span class='ocrx_word' id='word_1_323' title='bbox 2039 2841 2073 2885; x_wconf 82' lang='lat'>9,</span> <span class='ocrx_word' id='word_1_324' title='bbox 2093 2839 2154 2875; x_wconf 75' lang='lat'>22.</span> 
     </span>
     <span class='ocr_line' id='line_1_46' title="bbox 510 2895 2154 2944; baseline 0.001 -14"><span class='ocrx_word' id='word_1_325' title='bbox 510 2895 571 2930; x_wconf 89' lang='grc'>18.</span> <span class='ocrx_word' id='word_1_326' title='bbox 610 2895 732 2940; x_wconf 69' lang='lat' dir='ltr'>vilic?J</span> <span class='ocrx_word' id='word_1_327' title='bbox 770 2896 981 2942; x_wconf 62' lang='lat' dir='ltr'>Assfipcffe</span> <span class='ocrx_word' id='word_1_328' title='bbox 1021 2896 1066 2932; x_wconf 93' lang='lat' dir='ltr'>C.</span> <span class='ocrx_word' id='word_1_329' title='bbox 1146 2898 1207 2933; x_wconf 88' lang='lat'>27.</span> <span class='ocrx_word' id='word_1_330' title='bbox 1248 2900 1287 2933; x_wconf 89' lang='lat' dir='ltr'>et</span> <span class='ocrx_word' id='word_1_331' title='bbox 1328 2896 1374 2941; x_wconf 76' lang='lat' dir='ltr'>C,</span> <span class='ocrx_word' id='word_1_332' title='bbox 1420 2898 1528 2943; x_wconf 81' lang='lat' dir='ltr'>qnod</span> <span class='ocrx_word' id='word_1_333' title='bbox 1566 2897 1691 2944; x_wconf 64' lang='lat' dir='ltr'>Lybie.</span> <span class='ocrx_word' id='word_1_334' title='bbox 1729 2898 1853 2934; x_wconf 82' lang='lat' dir='ltr'>deleri</span> <span class='ocrx_word' id='word_1_335' title='bbox 1893 2898 2035 2941; x_wconf 80' lang='lat' dir='ltr'>voluit;</span> <span class='ocrx_word' id='word_1_336' title='bbox 2082 2907 2154 2943; x_wconf 71' lang='lat' dir='ltr'>eqo</span> 
     </span>
     <span class='ocr_line' id='line_1_47' title="bbox 502 2951 2154 3003; baseline 0.001 -16"><span class='ocrx_word' id='word_1_337' title='bbox 502 2951 638 2997; x_wconf 76' lang='lat' dir='ltr'>potius</span> <span class='ocrx_word' id='word_1_338' title='bbox 674 2953 890 2989; x_wconf 85' lang='lat' dir='ltr'>liberalem</span> <span class='ocrx_word' id='word_1_339' title='bbox 930 2953 1174 3003; x_wconf 77' lang='lat' dir='ltr'>addiderim,</span> <span class='ocrx_word' id='word_1_340' title='bbox 1220 2954 1427 3000; x_wconf 71' lang='lat' dir='ltr'>sequentia</span> <span class='ocrx_word' id='word_1_341' title='bbox 1474 2955 1529 2991; x_wconf 80' lang='lat' dir='ltr'>ita</span> <span class='ocrx_word' id='word_1_342' title='bbox 1575 2955 1819 3002; x_wconf 64' lang='lat' dir='ltr'>intellegens,</span> <span class='ocrx_word' id='word_1_343' title='bbox 1868 2957 1910 2991; x_wconf 81' lang='lat' dir='ltr'>at</span> <span class='ocrx_word' id='word_1_344' title='bbox 1955 2965 2004 2991; x_wconf 75' lang='lat' dir='ltr'>ex</span> <span class='ocrx_word' id='word_1_345' title='bbox 2050 2953 2154 2990; x_wconf 81' lang='lat' dir='ltr'>binis</span> 
     </span>
     <span class='ocr_line' id='line_1_48' title="bbox 506 3009 2153 3057; baseline 0.001 -13"><span class='ocrx_word' id='word_1_346' title='bbox 506 3009 616 3054; x_wconf 79' lang='lat' dir='ltr'>equis</span> <span class='ocrx_word' id='word_1_347' title='bbox 655 3010 824 3045; x_wconf 83' lang='lat' dir='ltr'>alteram</span> <span class='ocrx_word' id='word_1_348' title='bbox 864 3021 955 3046; x_wconf 82' lang='lat' dir='ltr'>eum</span> <span class='ocrx_word' id='word_1_349' title='bbox 993 3010 1136 3046; x_wconf 83' lang='lat' dir='ltr'>amicis</span> <span class='ocrx_word' id='word_1_350' title='bbox 1175 3011 1259 3047; x_wconf 85' lang='lat' dir='ltr'>suis</span> <span class='ocrx_word' id='word_1_351' title='bbox 1298 3013 1335 3046; x_wconf 84' lang='lat' dir='ltr'>et</span> <span class='ocrx_word' id='word_1_352' title='bbox 1366 3010 1602 3057; x_wconf 77' lang='lat' dir='ltr'>presbiteris</span> <span class='ocrx_word' id='word_1_353' title='bbox 1640 3013 1747 3048; x_wconf 85' lang='lat' dir='ltr'>dono</span> <span class='ocrx_word' id='word_1_354' title='bbox 1785 3013 1941 3049; x_wconf 83' lang='lat' dir='ltr'>misisse</span> <span class='ocrx_word' id='word_1_355' title='bbox 1972 3011 2153 3048; x_wconf 79' lang='lat' dir='ltr'>arbitrer.</span> 
     </span>
     <span class='ocr_line' id='line_1_49' title="bbox 508 3066 1899 3115; baseline 0.003 -14"><span class='ocrx_word' id='word_1_356' title='bbox 508 3066 572 3104; x_wconf 86' lang='lat'>28.</span> <span class='ocrx_word' id='word_1_357' title='bbox 607 3066 758 3112; x_wconf 84' lang='lat' dir='ltr'>singuli</span> <span class='ocrx_word' id='word_1_358' title='bbox 793 3067 838 3111; x_wconf 81' lang='lat' dir='ltr'>C⁷</span> <span class='ocrx_word' id='word_1_359' title='bbox 870 3068 978 3113; x_wconf 81' lang='lat' dir='ltr'>quod</span> <span class='ocrx_word' id='word_1_360' title='bbox 1011 3068 1051 3103; x_wconf 81' lang='lat' dir='ltr'>in</span> <span class='ocrx_word' id='word_1_361' title='bbox 1084 3068 1160 3103; x_wconf 79' lang='lat' dir='ltr'>hoe</span> <span class='ocrx_word' id='word_1_362' title='bbox 1190 3069 1383 3114; x_wconf 72' lang='lat' dir='ltr'>scriptore</span> <span class='ocrx_word' id='word_1_363' title='bbox 1415 3070 1615 3115; x_wconf 62' lang='lat' dir='ltr'>corrigere</span> <span class='ocrx_word' id='word_1_364' title='bbox 1645 3081 1728 3105; x_wconf 84' lang='lat' dir='ltr'>non</span> <span class='ocrx_word' id='word_1_365' title='bbox 1761 3070 1899 3105; x_wconf 81' lang='lat' dir='ltr'>audeo.</span> 
     </span>
    </p>
   </div>
  </div>
 </body>
</html>
