2242 3551
446 1136 486 1166 10

446 1501 487 1530 15

445 2588 486 2617 :30

514 204 595 243 226
856 214 1131 244 SCRIPTORES
1165 215 1391 245 HISTORIAE
1424 214 1601 243 DANICAE
1633 215 1833 245 MINORES

514 328 745 382 colloquii,
792 342 880 383 que
920 332 1016 370 erat
1053 328 1100 369 in
1141 329 1345 382 predicta
1378 332 1502 370 sexta
1536 329 1665 369 feria:
1710 328 1762 368 ‘si
1794 341 1954 382 pacem
1990 333 2030 370 et
2062 342 2167 370 con—

513 400 718 442 cordiam
744 413 850 441 cum
879 401 1044 442 abbate
1077 401 1246 442 habere
1279 402 1428 452 uellet,
1461 401 1653 442 libenter
1680 401 1871 442 seruiret
1896 403 1959 442 ei⁷.
2010 402 2167 455 Neque

512 475 608 526 ipse
642 485 800 526 pacem
836 473 1005 514 habere
1039 474 1198 522 uoluit,
1232 486 1315 514 nec
1348 474 1595 514 seruicium
1630 474 1887 527 acquisiuit.

911 660 1040 704 (XVI.)
1104 660 1259 696 Littera
1292 660 1492 696 abbatum
1526 661 1577 696 ad
1611 671 1776 706 papam.

581 731 938 810 »Sanctissimo
979 765 1095 818 patri
1134 778 1188 805 ac
1229 766 1419 806 domino
1454 766 1535 816 .U.,
1583 765 1655 805 dei
1695 765 1837 817 gratia
1879 769 2166 805 sacrosancte

515 840 720 880 Romane
768 837 955 878 ecclesie
1003 850 1188 878 summo
1236 837 1458 891 pontifici,
1510 837 1670 878 fratres
1716 838 1765 878 A.
1814 839 1869 878 de
1918 837 2167 886 Heriuado,

515 913 563 952 E.
598 912 653 952 de
680 911 859 962 Esrom,
893 911 944 951 N.
980 911 1035 950 de
1053 910 1170 950 Tuta
1205 910 1338 962 ualle,
1371 911 1419 950 A.
1448 911 1503 951 de
1530 910 1631 951 Uite
1664 911 1801 963 scola,
1837 911 1894 950 M.
1929 911 1984 950 de
2013 910 2168 950 Insula

515 985 611 1035 Dei,
659 983 767 1024 dicti
800 983 1004 1033 abbates,
1052 982 1279 1036 ceterique
1317 983 1565 1024 coabbates
1598 983 1805 1035 ipsorum
1840 982 2168 1035 Cysterciensis

513 1057 688 1097 ordinis
735 1057 781 1096 in
827 1067 967 1107 regno
1016 1055 1155 1096 Dacie
1203 1055 1437 1096 constituti
1493 1068 1599 1095 cum
1654 1055 1834 1096 deuotis
1881 1054 2169 1095 orationibus

514 1131 683 1183 pedum
740 1129 897 1169 oscula
955 1129 1209 1169 beatorum.
1303 1128 1530 1179 Quamuis
1593 1128 1649 1169 ad
1714 1132 1861 1169 uestre
1916 1128 2168 1168 sanctitatis

514 1203 705 1254 gratiam
746 1206 881 1255 atque
922 1201 1195 1242 inexhausta
1236 1200 1549 1242 misericordie
1593 1201 1768 1241 uiscera
1809 1200 1972 1241 merito
2016 1201 2071 1240 sit
2111 1201 2168 1241 ab

514 1276 732 1315 omnibus
777 1275 1124 1326 recurrendum,
1172 1273 1354 1314 afflictis
1400 1278 1555 1314 tamen
1603 1277 1646 1314 et
1683 1273 1914 1327 oppressis
1960 1274 2018 1313 ad
2056 1273 2168 1326 ipsa,

513 1353 733 1401 tanquam
759 1347 815 1387 ad
841 1351 1044 1388 materne
1068 1346 1398 1386 consolationis
1421 1346 1576 1392 ubera,
1601 1346 1843 1399 specialior
1860 1349 1926 1387 est
1943 1357 2167 1386 recursus.

517 1421 635 1461 Hinc
668 1424 746 1471 est,
794 1420 917 1472 quod
958 1419 1100 1459 nostri
1143 1419 1318 1459 ordinis
1352 1418 1630 1459 uniuersitas
1662 1419 1893 1459 orationes
1926 1418 2169 1459 continuas

515 1499 555 1535 et
594 1493 844 1546 gratiarum
884 1492 1086 1532 actiones
1128 1491 1263 1532 uobis
1302 1491 1558 1550 uestrisque
1601 1491 1905 1532 sanctissimis
1937 1491 2169 1544 predeces-

515 1567 697 1607 soribus
729 1550 943 1617 <reddere>
974 1567 1152 1605 tenetur
1185 1564 1494 1616 omnimodas,
1542 1577 1625 1617 pro
1665 1577 1718 1604 eo
1758 1565 1881 1617 quod
1925 1563 2077 1616 ipsum
2111 1564 2168 1604 ab

514 1637 889 1692 oppressionibus
922 1637 1188 1690 iniquorum
1222 1650 1303 1689 per
1335 1637 1611 1677 emunitates
1644 1640 1686 1677 et
1717 1636 1947 1678 libertates
1990 1637 2169 1690 priuile-

514 1712 707 1763 giorum,
754 1710 923 1764 quibus
971 1709 1140 1750 ditatus
1187 1713 1229 1749 et
1268 1709 1510 1750 roboratus
1552 1713 1619 1750 est
1659 1713 1862 1761 actenus,
1908 1709 2167 1750 defensatis.

514 1785 740 1834 Attamen,
766 1781 873 1835 quia
897 1780 1147 1821 clemencia
1167 1766 1356 1835 (uestra)
1376 1781 1451 1822 uix
1470 1785 1648 1822 tantum
1675 1781 1890 1822 tuicionis
1909 1781 2077 1822 sufficit
2095 1781 2169 1822 ad-

446 1864 452 1873 ·
515 1855 686 1906 hibere,
699 1854 809 1908 quin
828 1853 1151 1894 maliuolencia
1168 1866 1349 1907 semper
1363 1853 1655 1895 occasionem
1671 1857 1833 1907 querat
1846 1858 1888 1895 et
1902 1854 2169 1895 adinueniat

518 1928 813 1980 malignandi,
848 1926 1164 1967 necessitatem
1199 1926 1433 1980 predilecti
1465 1927 1512 1966 in
1547 1926 1729 1968 Christo
1762 1926 1999 1967 coabbatis
2026 1927 2168 1968 nostri

519 2001 580 2041 .ss.
621 2001 675 2041 de
717 2000 831 2041 Cara
872 1999 1042 2050 Insula,
1082 1997 1093 2053 j,
1130 1999 1391 2039 Arusiensis
1432 1999 1656 2052 dyocesis,
1703 1999 1974 2040 beatitudini
2020 2004 2167 2040 uestre

515 2073 799 2126 suggerendo
833 2072 1157 2125 compellimur
1196 2071 1423 2124 intimare,
1471 2072 1549 2125 qui
1590 2085 1614 2112 a
1648 2072 1838 2113 domino
1872 2072 1951 2124 .T.,
1999 2084 2168 2112 merno-

514 2149 609 2186 rate
641 2145 903 2186 Arusiensis
944 2144 1132 2186 ecclesie
1175 2145 1296 2185 dicto
1339 2144 1569 2198 episcopo,
1619 2144 1940 2186 miserabiliter
1978 2144 2088 2185 satis
2127 2149 2167 2184 et

468 2225 482 2254 ῖ
516 2218 785 2258 mirabiliter
822 2222 888 2258 est
930 2230 1190 2271 oppressus,
1237 2221 1331 2258 tam
1377 2230 1456 2271 per
1497 2217 1880 2258 comminationes
1928 2217 2081 2257 uarias
2127 2221 2167 2256 et

517 2291 765 2331 uiolencias
814 2304 891 2331 seu
941 2290 1283 2341 concussiones,
1331 2290 1500 2343 quibus
1547 2289 1894 2342 procurationes
1940 2289 2167 2330 indebitas

514 2368 554 2403 et
586 2363 795 2403 insolitas
828 2367 868 2403 et
901 2362 1178 2415 multiplices
1211 2362 1471 2403 exactiones
1503 2365 1661 2403 contra
1694 2366 1849 2403 sancte
1875 2366 2023 2403 uestre
2049 2362 2167 2403 sedis

514 2436 691 2476 indulta
724 2435 883 2476 nititur
915 2439 1196 2488 extorquere,
1237 2447 1375 2489 quam
1411 2435 1548 2475 etiam
1581 2447 1660 2487 per
1692 2434 1948 2475 sentencias
1982 2447 2168 2488 suspen-

515 2508 656 2549 sionis
700 2508 772 2548 uel
815 2507 1043 2549 interdicti
1082 2507 1128 2547 in
1176 2507 1328 2560 ipsum
1368 2507 1583 2547 abbatem
1627 2511 1667 2547 et
1709 2511 1991 2548 conuentum
2030 2519 2164 2546 suum

515 2594 598 2621 nec
629 2593 722 2621 non
756 2584 797 2621 et
829 2580 1068 2630 familiam,
1112 2579 1247 2620 etiam
1284 2584 1384 2632 post
1416 2579 1773 2632 appellationem
1806 2578 2004 2631 legitime
2035 2579 2167 2619 inter-

516 2654 727 2706 positam,
760 2653 928 2693 iniuste
961 2651 1099 2692 nimis
1133 2656 1269 2706 atque
1301 2651 1501 2692 indebite
1534 2651 1813 2694 fulminatas.
1877 2652 2166 2705 Quapropter

515 2725 741 2766 sanctitati
776 2729 925 2766 uestre
958 2724 1123 2764 humili
1156 2737 1261 2765 cum
1295 2724 1550 2764 deuocione
1582 2724 1806 2765 attencius
1836 2723 2164 2777 supplicamus,

515 2798 744 2851 quatinus,
797 2810 902 2851 sepe
950 2796 1192 2837 memorati
1239 2796 1419 2836 abbatis
1466 2809 1519 2836 ac
1566 2796 1712 2849 ipsius
1759 2796 2023 2850 monasterij
2072 2801 2164 2836 tam

601 2909 635 2942 4.
668 2907 801 2943 rubris
835 2907 982 2942 litteris
1045 2907 1077 2940 5.
1116 2905 1158 2941 U.
1184 2920 1225 2935 ε
1254 2904 1414 2941 Urbano
1438 2904 1504 2942 IV.
1571 2907 1631 2941 12.
1666 2906 1852 2952 opressis
1886 2904 1941 2942 cs
1971 2906 2077 2950 (ilem
2112 2905 2162 2940 25

514 2967 548 2999 el
578 2964 725 3009 scepius
758 2965 798 2999 1'11
832 2963 941 3011 sqq).
1009 2963 1069 2998 16.
1103 2962 1279 2998 reddere
1311 2963 1460 2998 addidi.
1535 2964 1596 2998 17.
1629 2963 1980 3009 oppressionibus
2011 2962 2165 3008 Lange—

515 3021 604 3066 bek,
652 3021 980 3068 oppressoribus
1014 3018 1079 3056 CS.
1154 3020 1214 3055 19.
1250 3023 1389 3055 uestra
1422 3020 1573 3056 addidi.
1649 3020 1711 3056 26.
1742 3023 1834 3065 post
1865 3020 2164 3055 concussiones

516 3079 699 3113 ileratzzm
737 3079 875 3114 uarias
907 3078 1078 3113 deletum
1113 3079 1177 3112 est.
1241 3077 1304 3113 32.
1340 3077 1613 3123 suppleamus
1647 3075 1712 3113 CS.
