2242 3551
622 209 764 237 VETVS
797 209 1023 238 CHRONICA
1059 210 1297 240 SIALANDIE
1725 203 1778 242 33

127 322 204 376 qui
246 322 402 363 omnia
444 322 586 374 nouit,
634 335 707 363 me
749 322 830 363 tibi
862 328 941 364 aut
972 324 1062 364 tuis
1095 325 1234 366 verbo
1267 326 1337 366 vel
1369 339 1506 379 opere
1538 340 1777 381 nunquam

127 394 342 436 obfuisse.
406 394 461 435 Et
492 394 601 448 quid
636 394 749 435 feci‘?
812 396 984 436 Iudicet
1016 397 1134 437 inter
1166 411 1262 447 nos,
1306 399 1385 451 qui
1417 400 1573 439 reddet
1606 400 1780 441 unicui-

127 480 214 521 que
256 468 509 508 secundum
554 480 691 520 opera
732 481 853 509 sua«
922 469 971 508 In
1019 469 1109 509 hoc
1155 475 1340 511 sanctus
1388 482 1569 523 surgere
1619 473 1779 524 voluit3

127 541 203 580 sed
237 540 427 580 traditor
459 552 564 580 eum
597 540 782 593 indigne
814 554 894 595 per
925 554 1036 594 cape
1069 542 1288 595 capitium
1319 544 1555 584 retrahens
1580 549 1778 586 extracto

126 613 276 664 gladio
316 613 374 652 ab
416 625 526 653 aure
566 612 746 653 sinistra
791 614 837 654 in
880 614 1092 654 dextrum
1140 616 1326 656 oculum
1375 621 1512 669 caput
1558 617 1691 658 findit
1739 623 1779 658 et

126 685 338 738 martyris
371 685 609 725 cerebrum
638 685 779 739 impie
805 687 1069 727 denudauit.
1119 688 1375 728 Accurrens
1400 689 1534 740 igitur
1554 690 1779 731 Henricus

126 757 332 798 Skatelar
378 769 544 811 corpus
592 758 849 799 innocentis
896 759 1054 799 lancea
1102 761 1357 802 transfodit.
1421 762 1596 802 Deinde
1643 764 1778 804 ceteri

125 829 306 870 sceleris
339 829 529 870 comites
561 831 618 870 ad
647 831 786 871 latera
812 831 944 872 ducis
970 832 1153 873 lanceas
1180 833 1390 886 fixerunt,
1424 838 1465 874 et
1490 834 1555 874 sic
1580 836 1778 887 glorioso

126 902 344 956 martyrio
376 903 476 943 iura
509 904 660 944 carnis
693 903 839 944 iustus
873 905 1106 958 pel-soluit.
1171 907 1340 947 Passus
1383 911 1449 946 est
1491 911 1641 947 autem
1687 910 1778 948 dux

127 975 264 1015 Dacie
315 976 536 1028 Kanutus,
587 977 703 1029 regis
751 977 871 1018 Erici
921 978 1035 1018 Boni
1084 978 1221 1028 filius,
1270 991 1342 1020 vn.
1407 979 1515 1019 Idus
1564 980 1778 1032 Ianuarii,

124 1047 232 1088 feria
266 1061 366 1098 1111.;
413 1049 544 1090 cuius
585 1053 778 1090 mortem
821 1050 1074 1103 preciosam
1125 1051 1171 1091 in
1211 1056 1460 1105 conspectu
1507 1053 1579 1092 dei
1620 1054 1777 1094 crebra

124 1124 345 1161 testantur
387 1121 624 1174 miracula,
666 1124 723 1163 ad
766 1123 951 1163 laudem
992 1123 1236 1164 saluatoris
1276 1124 1420 1165 nostri
1452 1125 1562 1165 Jesu
1597 1125 1778 1175 Christi,

124 1193 197 1233 cui
229 1198 295 1233 est
327 1194 478 1235 honor
509 1198 551 1234 et
582 1195 725 1246 gloria
758 1195 803 1235 in
838 1195 990 1236 secula
1024 1196 1301 1249 seculorum,
1334 1197 1492 1238 Amen.

211 1266 455 1307 Sciendum
491 1271 658 1319 autem,
706 1269 844 1322 quod,
886 1268 987 1308 licet
1021 1269 1173 1309 omnis
1205 1273 1300 1310 etas
1332 1274 1374 1309 et
1406 1283 1541 1311 sexus
1575 1272 1776 1313 virorum

124 1351 177 1379 ac
217 1339 463 1380 mulierum
497 1353 633 1394 super
666 1345 810 1381 morte
843 1341 993 1381 dilecti
1026 1342 1098 1382 dei
1134 1342 1302 1382 Kanuti
1334 1343 1519 1395 doleret,
1564 1346 1778 1398 precipue

124 1415 277 1452 tamen
334 1411 470 1453 frater
523 1413 641 1465 eius,
704 1414 865 1454 Ericus
918 1414 1126 1455 videlicet
1176 1414 1381 1455 Emunae.
1475 1416 1516 1456 Is
1570 1422 1663 1457 erat
1712 1418 1779 1459 vir

58 1520 60 1522 .
125 1488 338 1525 strenuus
377 1489 419 1526 et
458 1486 598 1539 prelia
638 1487 791 1540 sepius
831 1491 989 1527 contra
1029 1488 1183 1528 hostes
1221 1488 1346 1539 regni
1386 1500 1491 1528 cum
1525 1489 1661 1530 fratre
1694 1504 1777 1531 suo

125 1558 429 1598 commiserat.
510 1559 619 1599 Inde
666 1559 845 1608 accidit,
892 1563 941 1599 ut
986 1571 1137 1611 regem
1184 1560 1315 1600 bellis
1359 1561 1512 1614 sepius
1559 1562 1777 1616 fatigaret,

124 1630 406 1671 adiutorium
441 1631 480 1671 ei
513 1631 810 1684 prebentibus
843 1632 1074 1684 omnibus,
1108 1633 1186 1686 qui
1219 1632 1458 1673 extiterant
1487 1632 1624 1674 amici
1648 1633 1777 1673 ducis

124 1703 378 1744 memorati.
427 1704 482 1744 Et
515 1704 617 1744 licet
649 1705 802 1758 sepius
828 1704 1016 1756 fugisset
1035 1705 1197 1745 Ericus
1222 1718 1246 1745 a
1275 1705 1390 1746 facie
1415 1706 1543 1758 regis,
1576 1706 1776 1753 tandem,

123 1776 208 1815 deo
241 1775 502 1817 vindicante
535 1778 805 1829 sanguinem
842 1777 1054 1830 martyris
1080 1777 1165 1829 sui,
1200 1778 1361 1819 Ericus
1386 1778 1576 1820 victoria
1607 1778 1777 1831 potitus

126 1848 344 1899 Magnum
392 1848 616 1890 interfecit
663 1855 705 1890 et
751 1850 993 1890 Nicolaum
1043 1863 1068 1890 a
1108 1861 1246 1902 regno
1287 1851 1473 1904 depulit.
1537 1851 1627 1901 Qui
1670 1863 1774 1892 cum

127 1920 323 1960 venisset
354 1934 496 1974 prope
530 1922 768 1975 Hethaeby‚
812 1921 1131 1963 dissuaserunt
1163 1923 1202 1963 ei
1235 1924 1424 1964 comites
1458 1928 1499 1964 et
1532 1923 1659 1977 pueri
1693 1923 1775 1973 sui,

123 2005 179 2032 ne
219 1993 423 2034 introiret
462 1994 591 2044 illuc;
639 1995 855 2035 dicebant
897 1995 1034 2046 enim,
1082 1996 1205 2049 quod
1253 1996 1502 2047 burgenses
1544 1996 1776 2036 districtis-

124 2065 288 2105 simam
322 2067 464 2117 legem
498 2070 652 2107 tenent
684 2067 730 2107 in
756 2067 975 2108 conuiuio
1004 2080 1102 2120 su0,
1134 2069 1258 2122 quod
1284 2069 1541 2122 appellatur
1562 2068 1775 2119 Hezlagh‚

123 2150 207 2178 nec
238 2138 395 2178 sinunt
428 2140 624 2179 inultum
658 2153 768 2192 esse7
802 2139 1067 2193 quicunque
1094 2140 1231 2180 alicui
1257 2141 1563 2181 conuiuarum
1590 2141 1772 2180 illorum

124 2211 379 2264 dampnum
413 2212 511 2252 siue
544 2216 737 2253 mortem
770 2211 991 2262 intulerit3
1040 2216 1081 2252 et
1113 2213 1207 2253 dux
1240 2213 1464 2261 Kanutus,
1506 2214 1617 2253 dum
1650 2212 1775 2253 adui-

124 2287 260 2335 ueret,
307 2284 460 2324 senior
499 2288 593 2325 erat
631 2284 832 2338 conuiuij
874 2284 997 2324 illius
1038 2288 1078 2324 et
1119 2284 1344 2326 defensor.
1409 2285 1589 2338 Spreuit
1621 2286 1775 2325 huius-

210 2387 246 2424 2.
281 2386 455 2422 Inducet
486 2386 532 2431 C,
563 2397 664 2423 corr.
696 2387 833 2422 Arnas
864 2386 905 2421 in
939 2387 1110 2431 Iudicet,
1142 2387 1251 2433 quod
1282 2386 1404 2423 habel
1435 2388 1481 2424 H.
1559 2388 1694 2423 reddit
1729 2388 1774 2422 H.

127 2442 161 2479 3.
196 2446 366 2479 sanctus
400 2444 459 2488 M;
500 2445 656 2480 sedens
690 2444 736 2481 H.
814 2445 847 2480 4.
881 2443 954 2479 sed
986 2444 1149 2480 tardior
1181 2445 1227 2480 H.
1304 2455 1406 2491 cape
1441 2445 1499 2489 Μ;
1545 2445 1694 2491 capitis
1729 2445 1773 2480 H.

125 2500 159 2536 5.
198 2501 414 2536 dexterum
449 2501 482 2536 H
531 2503 628 2545 (non
670 2501 724 2546 S).
801 2501 835 2538 6.
876 2501 1002 2546 igitur
1039 2502 1096 2544 M;
1142 2511 1240 2548 ergo
1274 2502 1321 2538 H.
1399 2502 1433 2537 7.
1477 2502 1662 2537 Scatelar
1696 2502 1772 2536 MH

123 2559 222 2601 (non
269 2557 321 2602 S).
414 2559 476 2595 11.
525 2558 589 2594 dei
638 2559 695 2604 M;
757 2559 916 2594 domini
965 2558 1012 2603 H,
1059 2558 1096 2594 Ii.
1147 2559 1169 2594 I.
1217 2559 1360 2594 rectius
1407 2560 1463 2603 (in
1512 2569 1655 2604 consp.
1704 2560 1773 2594 dni

123 2615 363 2661 praetiosam
412 2615 466 2660 S).
550 2616 611 2654 14.
659 2619 811 2659 autem,
857 2615 984 2662 quod,
1029 2615 1126 2651 licet
1173 2616 1231 2660 M;
1277 2619 1417 2652 autem
1465 2619 1536 2659 est,
1583 2617 1679 2651 licet
1728 2617 1772 2651 H.

126 2672 188 2707 15.
222 2675 400 2708 mortem
424 2672 665 2709 ..dolerent
697 2673 744 2709 H.
824 2673 883 2708 16.
918 2672 1110 2708 videlicet
1141 2683 1220 2708 om.
1256 2673 1303 2708 H.
1380 2673 1567 2709 Emunae.
1615 2673 1653 2708 Is
1686 2678 1774 2708 erat

123 2728 284 2774 scripsi3
332 2730 508 2765 Emunae
549 2730 628 2765 sibi
670 2735 760 2766 erat
801 2730 859 2774 M;
907 2729 1109 2773 Emunde,
1157 2730 1228 2775 qui
1269 2733 1357 2765 erat
1397 2730 1444 2767 H.
1523 2731 1583 2766 18.
1617 2731 1773 2776 saepius

125 2785 233 2821 bello
265 2785 334 2822 fat.
366 2787 413 2822 H.
491 2787 552 2822 19.
585 2787 810 2823 existerent
843 2786 888 2822 H.
963 2786 1028 2822 21.
1067 2787 1241 2822 domino
1275 2787 1321 2822 H.
1397 2787 1460 2822 23.
1503 2787 1693 2832 Hetheby
1728 2788 1772 2822 H.

125 2843 244 2888 pueri
290 2844 354 2879 sui
404 2843 461 2887 M;
508 2844 710 2890 praecipui
758 2845 847 2880 eius
898 2843 945 2878 H.
1023 2843 1086 2880 24.
1134 2844 1326 2879 introiret
1375 2844 1434 2889 Μ;
1483 2845 1679 2889 migraret
1727 2844 1773 2879 H.

126 2900 188 2935 25.
224 2899 406 2946 Hezlagh
433 2901 470 2936 Μ
503 2898 541 2949 (ι’.
567 2911 611 2945 6.,
647 2902 690 2936 ut
715 2903 826 2947 puto,
863 2900 1018 2935 Hethes
1045 2898 1173 2948 lagh);
1209 2901 1269 2936 He
1293 2900 1389 2946 Zlag
1418 2901 1464 2945 Η,
1499 2901 1605 2935 unde
1631 2901 1774 2945 Hellag

123 2955 216 3001 fecit
237 2956 278 3001 S,
308 2958 335 2993 Z
356 2968 433 3003 pro
456 2958 485 2993 L
509 2958 653 3004 legens.
716 2958 778 2995 26.
805 2968 880 2994 nec
901 2957 958 3001 Μ;
991 2967 1074 2993 non
1095 2957 1141 2992 H.
1217 2957 1341 2992 alicui
1364 2967 1442 2993 om.
1462 2957 1509 2993 H.
1574 2958 1636 2992 27.
1662 2958 1771 2992 dam-

126 3023 224 3048 num
259 3014 349 3050 MH.
424 3015 524 3050 dum
558 3015 697 3050 adhuc
729 3016 885 3051 viveret
912 3014 959 3050 H.
1020 3014 1084 3050 28.
1117 3014 1323 3060 lluiJniodi
1354 3014 1452 3061 (pro
1485 3014 1703 3060 huiomodi
1738 3014 1769 3048 H

124 3068 223 3117 (non
261 3068 330 3119 s».

192 3149 293 3180 Script.
315 3151 381 3174 hist.
402 3151 474 3174 Dan.
498 3152 632 3175 minores.
1546 3138 1565 3167 3

1806 625 1824 655 5

1807 988 1847 1018 10

1806 1352 1846 1382 15

1804 1718 1845 1747 20

1802 2080 1843 2110 25
