2242 3551
422 211 655 242 EXORDIVM
691 211 968 240 MONASTERII
1001 210 1130 239 CARAE
1164 209 1336 239 INSVLAE
1630 200 1712 239 259

62 319 209 375 Iacobi
240 327 450 382 apostoli,
483 328 540 368 ad
575 327 923 381 procedendum
958 326 1150 366 ulterius
1182 326 1227 366 in
1255 325 1353 366 iure
1379 329 1491 379 aput
1509 326 1715 377 Sleswik,

62 407 191 460 prout
218 403 272 443 de
293 400 392 441 iure
415 400 550 442 fuerit
573 399 934 454 procedendum.
984 399 1041 439 Et
1063 398 1101 439 si
1126 411 1233 452 pars
1256 398 1434 439 domini
1454 398 1714 439 Arusiensis

61 492 112 520 ex
148 480 256 517 tunc
293 477 544 515 contumax
583 473 732 525 fuerit,
780 472 884 513 licet
923 471 1073 524 inuiti,
1120 471 1167 512 in
1201 485 1307 512 eum
1342 475 1384 513 et
1416 475 1575 513 contra
1609 485 1714 512 eum

60 546 546 593 excommunicationis
570 546 854 588 sentenciam
879 545 1180 599 proferemus.
1227 545 1392 586 Actum
1412 545 1713 597 Flensborgh.

59 624 186 664 Anno
217 619 393 662 domini
424 608 652 670 issi.c⁰c.l‘2'<.v‘i.1.,
681 637 763 660 vna.
798 618 865 659 ΚῘ.
898 617 1067 670 Junij.«

140 692 513 735 Attestationibus
546 692 726 733 domini
758 690 939 733 abbatis
973 690 1147 731 ibidem
1177 691 1489 745 comparentis
1515 691 1714 743 legitime

58 773 98 810 et
127 767 289 822 apertis
322 770 363 806 et
394 766 656 820 publicatis,
689 766 802 806 tales
826 768 975 807 erant:
1015 761 1224 819 »Fr(ater)
1252 765 1420 818 Byorn,
1455 765 1714 805 monachus

58 845 98 883 et
134 840 342 882 sacerdos
382 840 438 880 de
480 839 681 880 claustro
715 839 821 891 Om,
869 838 1109 879 adiuratus
1143 837 1370 891 deposuit,
1417 839 1542 891 quod
1579 839 1713 879 Bene-

57 915 200 956 dictus
232 913 443 954 sacerdos
475 914 531 953 de
566 912 772 966 Byaerkae
804 912 923 952 duos
956 924 1100 965 equos
1133 923 1310 963 eorum,
1349 924 1495 951 unum
1529 911 1712 963 nigrum

58 992 97 1029 et
127 988 318 1029 alterum
350 986 565 1038 griseum,
599 985 786 1039 propria
818 998 962 1026 manu
986 985 1041 1025 de
1064 983 1273 1037 ipsorum
1298 983 1502 1037 hdruqlie
1524 984 1712 1038 accepit,

56 1061 177 1102 iuxta
209 1072 367 1101 eorum
400 1059 653 1111 grangiam,
702 1072 791 1113 que
825 1058 1133 1110 Sueghestorp
1166 1057 1439 1111 appellatur,
1478 1057 1526 1097 in
1561 1057 1713 1098 Dofrae

53 1134 194 1186 mark,
225 1132 364 1173 tercia
397 1132 507 1173 feria
541 1131 588 1172 in
621 1132 882 1173 ebdomada
916 1143 1092 1185 pasce«
1126 1154 1180 1158 —
1218 1127 1427 1185 »F1·(ater)
1458 1131 1712 1184 Johannes,

55 1206 306 1247 monachus
352 1209 395 1247 et
441 1206 657 1246 sacerdos
704 1205 760 1245 de
809 1205 929 1245 Kara
978 1205 1150 1255 Insula,
1198 1203 1438 1244 adiuratus
1486 1204 1713 1257 deposuit,

55 1280 174 1334 quod
221 1279 496 1320 Benedictus
543 1279 758 1319 sacerdos
815 1278 870 1318 de
921 1278 1126 1331 Byaerkae
1179 1278 1298 1317 duos
1346 1290 1490 1330 equos
1537 1290 1712 1329 eorum,

56 1366 195 1393 unum
227 1351 408 1404 nigrum
442 1356 483 1392 et
516 1352 712 1392 alterum
745 1351 961 1404 griseum,
1010 1350 1197 1404 propria
1239 1363 1383 1390 manu
1416 1351 1471 1391 de
1503 1350 1711 1403 ipsorum

56 1425 251 1479 haruyhe
296 1425 491 1478 accepit,
552 1424 678 1465 iuxta
733 1424 972 1477 grangiam
1021 1436 1204 1476 eorum,
1267 1436 1356 1478 que
1404 1422 1712 1477 Sueghestorp

55 1499 316 1552 appellatur,
363 1498 410 1539 in
446 1498 598 1539 Dofrae
632 1498 779 1549 mark,
827 1498 965 1538 tercia
1011 1497 1124 1538 feria
1156 1497 1203 1537 in
1237 1496 1499 1537 ebdomada
1533 1509 1708 1549 pasce«

57 1570 146 1610 Hee
177 1570 488 1611 attestationes
519 1570 636 1610 facte
670 1573 777 1610 sunt
808 1569 854 1609 in
875 1569 1082 1621 Sleswik,
1114 1569 1249 1609 Anno
1283 1568 1462 1609 domini
1486 1557 1712 1610 ,n‘i.c⁰c.1}.vi’s.

56 1643 241 1684 sabbato
264 1643 475 1696 proximo
499 1647 604 1684 ante
628 1642 914 1683 dominicam
935 1642 1178 1694 ‘Jubilate',
1210 1642 1257 1683 in
1296 1641 1488 1683 ecclesia
1518 1641 1710 1682 fratrum

57 1716 296 1762 minorum.
385 1717 515 1768 Quos
560 1720 697 1757 testes
744 1716 983 1768 diligenter
1030 1716 1406 1757 examinauimus
1454 1716 1711 1756 secundum

56 1789 220 1842 omnia,
254 1803 340 1843 que
373 1794 568 1843 possunt
591 1794 634 1830 et
660 1790 828 1831 debent
853 1789 984 1843 queri
1008 1789 1135 1830 iuxta
1160 1789 1408 1830 canonicas
1436 1789 1712 1839 sanctiones,

57 1866 257 1915 presente
288 1863 394 1908 uiro.
422 1862 677 1904 uenerabili
710 1863 903 1903 domino
930 1863 1102 1915 Esgero
1130 1862 1349 1916 episcopo
1369 1862 1570 1916 Ripensi,
1604 1862 1714 1902 huic

56 1934 183 1987 facto,
216 1939 440 1989 quantum
475 1940 666 1990 poterat,
699 1937 999 1977 consulendo.

139 2008 271 2049 Nunc
308 2013 478 2062 autem,
525 2009 615 2063 hijs
657 2009 877 2050 omnibus
918 2010 1177 2050 secundum
1216 2007 1329 2050 iuris
1377 2009 1590 2050 ordinem
1630 2008 1714 2048 rite

57 2082 257 2134 peractis,
289 2082 413 2123 idem
447 2082 666 2124 dominus
699 2083 859 2135 abbas,
893 2095 1178 2136 prosequens
1207 2081 1279 2122 ius
1306 2095 1459 2133 suum,
1492 2081 1715 2122 instanter

58 2153 162 2206 petit
186 2167 208 2195 a
234 2155 383 2208 nobis,
416 2155 463 2196 in
496 2160 821 2197 contumacem
856 2160 896 2197 et
920 2156 966 2196 in
991 2156 1224 2207 rebellem,
1258 2159 1439 2196 nostras
1473 2155 1712 2196 citationes

57 2226 188 2277 gratie
210 2231 252 2269 et
271 2228 384 2270 iuris
408 2229 744 2270 contumaciter
767 2232 1188 2282 contempnentem,
1216 2228 1712 2269 excommunicationis

59 2301 332 2341 sentenciam
375 2302 673 2355 promulgari,
721 2306 763 2342 et
804 2302 1160 2355 promulgatam,
1208 2305 1434 2355 quantum
1483 2301 1529 2341 in
1578 2301 1713 2341 nobis

0 2386 1 2389 ¹
59 2375 133 2424 est,
177 2372 401 2415 faciamus
448 2388 528 2428 per
575 2387 819 2416 censuram
860 2374 1217 2416 ecclesiasticam
1265 2374 1416 2415 arcius
1458 2373 1710 2415 obseruari.

1 2467 2 2470 =
60 2443 195 2486 Cuius
226 2446 467 2499 peticionis
499 2452 630 2488 tenor
660 2449 765 2489 talis
798 2448 967 2489 existit:
1022 2448 1212 2489 »Coram
1257 2447 1406 2499 uobis,
1449 2447 1712 2487 uenerande

1 2519 2 2522 ’
60 2521 181 2569 pater
213 2519 409 2561 Domine
443 2522 522 2573 .B.,
569 2522 642 2562 dei
684 2522 828 2574 gratia
862 2521 1174 2562 Sleswicensis
1215 2520 1444 2573 episcope,
1491 2520 1643 2560 iudice
1687 2532 1712 2559 a

59 2592 305 2633 reuerendo
351 2597 476 2647 patre
511 2594 713 2635 Domino
748 2595 826 2647 .G.,
876 2594 1170 2634 miseratione
1208 2593 1369 2634 diuina
1406 2592 1526 2633 tituli
1567 2592 1712 2633 sancti

61 2661 292 2719 Laurencij
348 2666 396 2707 in
444 2666 620 2707 Lucina
677 2666 932 2720 presbitero
983 2666 1230 2718 cardinali,
1292 2665 1543 2719 apostolice
1591 2664 1712 2705 sedis

147 2810 178 2845 1.
217 2811 305 2857 apti
345 2810 384 2860 (i.
417 2822 447 2849 e.
487 2810 685 2860 apostoli)
724 2809 795 2857 033
841 2811 1073 2858 Apostolici
1115 2810 1337 2856 Lcmyebelc.
1418 2811 1479 2846 10.
1520 2810 1711 2856 harughe

1 2874 3 2886 ¹
62 2862 260 2903 Danicum
293 2880 376 2905 esse
408 2869 566 2905 videtur
597 2868 839 2905 vocabulum
872 2869 1027 2905 stabuli
1061 2869 1268 2915 quoddam
1300 2878 1430 2913 yemis
1460 2867 1711 2914 significans.

1 2922 2 2934 ³
66 2922 234 2962 12—-13.
266 2926 614 2963 iuaetaJohannes
639 2927 874 2963 monachus
903 2922 907 2977 Ι
936 2927 1019 2963 alid
1051 2937 1201 2962 maniis
1234 2925 1432 2961 recentior
1455 2925 1496 2960 in
1524 2924 1712 2971 margine

62 2979 285 3028 adscripsit:
333 2985 512 3021 horsnes
553 2984 700 3020 dictus.
780 2985 842 3020 19.
874 2984 988 3020 Jubil
1018 2980 1021 3034 Ι
1052 2984 1091 3019 in
1124 2984 1207 3029 sine
1240 2993 1401 3027 versc13‚·
1448 2983 1490 3018 in
1524 2982 1712 3028 maryine

0 3037 1 3047 ³
64 3035 142 3081 ipse
161 3039 334 3086 scriptor
355 3045 420 3078 ate
445 3041 612 3087 addidit,
639 3042 708 3077 sed
730 3041 1004 3078 nihilominus
1028 3042 1109 3077 late
1138 3041 1177 3076 i11
1208 3040 1323 3076 initio
1348 3050 1484 3076 versus
1511 3040 1711 3086 sequentis

63 3093 223 3140 scripsit.

1434 3166 1449 3197 1
1458 3165 1501 3197 7*

1742 995 1782 1025 10

1742 1360 1782 1390 15

1739 1726 1781 1756 20

1739 2457 1781 2488 30
