2242 3551
447 230 682 259 EXORDIVM
716 230 992 260 MONAsTERn
1026 230 1155 260 CARAE
1187 229 1360 258 INSVLAE
1654 220 1732 259 169

81 347 343 389 auctoritate
391 345 511 396 regia
559 345 847 395 mandantes,
895 349 944 385 ut
983 345 1156 385 nemini
1206 344 1273 385 fas
1321 345 1376 385 sit
1416 345 1536 385 hanc
1581 349 1732 385 nostre

81 419 337 462 deuotionis
384 416 684 472 larflgitionem
732 418 1051 472 calumpniose
1103 431 1282 459 cassare
1330 431 1408 458 seu
1457 430 1734 472 quacunque
1762 416 1895 450 F01.8¹“.

81 493 262 547 obliqua
303 491 596 533 cauillatione
634 490 881 544 infringere
921 492 995 532 uel
1027 492 1264 545 dissipare.
1329 492 1462 542 Quod
1499 491 1535 531 si
1568 504 1593 531 a
1626 505 1735 544 quo-

82 579 217 621 quam
276 565 374 605 fieri
436 564 693 617 contigerit,
756 564 875 617 regie
937 564 1266 617 indignationis
1329 563 1735 604 animaduersione

80 638 348 692 grauissima
397 639 668 692 percellatur
716 641 757 677 et
803 638 874 678 dei
921 637 1252 691 omnipotentis
1299 637 1524 678 offensam
1572 640 1613 677 et
1659 637 1731 676 ab-
1760 643 1778 672 ἴ)

80 711 441 753 hominationem
483 715 607 751 tante
647 710 1009 764 presumptionis
1049 709 1258 751 ultricem
1292 710 1338 750 in
1372 709 1630 751 nouissimo
1664 723 1733 750 ex-

80 783 229 825 amine
262 784 495 825 sustineat.

798 878 895 925 Cap.
928 878 1014 914 XII.

395 959 619 1005 Quomodo
651 959 913 995 transierunt
944 959 995 995 de
1027 938 1160 1005 Weng
1189 959 1240 995 ad
1274 958 1414 995 Calue.

174 1030 412 1120 Cumque
444 1065 491 1106 in
525 1065 727 1119 predicta
758 1064 949 1106 ecclesia
976 1065 1031 1105 de
1055 1065 1203 1117 Weng
1235 1065 1320 1105 deo
1354 1077 1433 1118 per
1465 1067 1555 1104 tres
1587 1076 1735 1104 annos

81 1139 326 1180 seruissent
370 1139 417 1179 in
457 1138 615 1179 multis
654 1138 1008 1179 tribulationum
1051 1137 1464 1191 persecutionibus,
1512 1150 1628 1191 quas
1672 1136 1736 1176 eis
1765 1142 1805 1173 10

79 1211 300 1253 inferebat
329 1211 501 1252 nobilis
533 1211 705 1252 femina
731 1211 921 1252 domina
941 1212 1210 1263 Margareta,
1244 1224 1374 1251 soror
1400 1209 1521 1251 Erici
1540 1209 1735 1260 comitis,

79 1285 280 1326 fecerunt
326 1285 655 1326 concambium
704 1297 810 1325 cum
854 1296 970 1337 rege,
1017 1284 1064 1325 in
1111 1297 1203 1339 quo
1251 1297 1329 1325 lex
1376 1283 1575 1337 optinuit
1621 1284 1736 1322 duas

79 1362 227 1412 partes
259 1358 314 1400 de
347 1359 508 1411 Weng,
555 1358 762 1399 ualentes
796 1371 877 1398 ..ΧΧ
913 1370 1092 1398 marcas
1125 1358 1239 1410 auri,
1287 1361 1329 1397 et
1369 1356 1529 1397 fratres
1568 1360 1735 1396 terram

79 1432 126 1472 in
161 1431 386 1484 Hathelef,
433 1444 574 1486 quam
615 1444 693 1472 rex
734 1435 907 1472 emerat
947 1431 1006 1471 ab
1048 1431 1297 1472 heledibus
1330 1429 1498 1470 nobilis
1531 1428 1737 1469 mulielis

82 1505 252 1558 Ingare,
298 1505 530 1546 ualentem
563 1517 646 1546 ΧΧ.
680 1508 722 1545 et
753 1518 895 1545 unam
930 1517 1133 1545 marcam
1169 1504 1283 1555 auli,
1330 1504 1390 1543 ita
1432 1506 1481 1542 ut
1519 1501 1805 1542 n10nachi15

80 1591 219 1619 unam
259 1591 465 1619 marcam
506 1578 606 1619 auri
644 1578 749 1632 plus
787 1578 1012 1619 haberent
1053 1591 1077 1618 a
1118 1589 1233 1630 rege.
1298 1577 1417 1617 Nam
1457 1577 1604 1627 Weng
1643 1579 1735 1615 tota

78 1655 186 1692 tunc
223 1651 442 1706 temporis
482 1651 598 1692 inter
637 1651 925 1705 possidentes
957 1651 1250 1705 preciabatur
1283 1662 1394 1691 .ΧΧΧ.
1429 1648 1597 1689 marcis
1638 1647 1738 1688 auri

78 1728 268 1771 tantum.
346 1725 483 1776 Quod
531 1728 778 1779 postquam
825 1725 998 1766 factum
1047 1728 1133 1777 est,
1181 1736 1344 1764 omnes
1390 1723 1551 1763 fratres
1599 1722 1737 1762 simul

80 1797 348 1850 congregati,
391 1798 642 1851 assumptis
682 1798 888 1853 reliquiis
920 1802 963 1839 et
995 1798 1179 1839 ossibus
1212 1797 1527 1847 fundatorum,
1576 1794 1738 1836 Eskilli

80 1870 291 1911 uidelicet
321 1871 525 1925 episcopi
559 1875 601 1912 et
634 1871 755 1912 Erici
788 1871 970 1912 comitis
1002 1875 1045 1913 et
1076 1872 1290 1921 aliorum,
1331 1882 1437 1910 cum
1470 1868 1664 1910 consilio
1697 1872 1738 1908 et
1764 1876 1806 1906 20

81 1944 248 1985 auxilio
296 1944 412 1997 regis
459 1948 500 1985 et
545 1944 749 1998 episcopi
798 1958 843 1985 se
886 1948 929 1984 et
968 1944 1124 1985 omnia
1164 1957 1247 1984 sua
1285 1943 1342 1983 ad
1386 1942 1602 1994 insulam,
1650 1954 1738 1995 que

81 2021 270 2058 uocatur
302 2017 456 2069 Calue,
494 2018 840 2070 transtulerunt,
883 2018 1038 2058 locum
1071 2017 1290 2057 dantibus
1323 2028 1483 2057 eorum
1516 2014 1739 2055 aduentui

81 2089 219 2142 nigris
249 2091 505 2142 monachis,
538 2091 617 2145 qui
640 2090 766 2144 prius
790 2091 853 2131 ibi
877 2091 1162 2131 habitabant.
1227 2090 1283 2129 Et
1308 2089 1580 2138 notandum,
1614 2088 1738 2141 quod
1771 2137 1774 2141 ι

81 2161 127 2202 in
143 2164 290 2216 Weng
307 2177 400 2204 non
419 2164 604 2205 fuerunt
621 2164 840 2204 monachi
863 2164 977 2216 nigri
1004 2163 1091 2203 nisi
1112 2166 1203 2203 tres
1225 2166 1403 2202 tantum
1429 2174 1533 2202 cum
1558 2161 1739 2211 abbate,

83 2235 126 2275 in
160 2235 298 2277 Calue
331 2250 441 2277 uero
474 2250 568 2277 non
601 2237 705 2291 plus
737 2250 879 2291 quam
912 2238 1020 2288 duo,
1057 2236 1245 2290 quando
1278 2236 1391 2276 ordo
1426 2234 1739 2275 Cisterciensis
1765 2241 1806 2271 25

83 2321 132 2348 ea
179 2310 390 2363 suscepit.
452 2311 509 2350 Vt
554 2314 707 2351 autem
756 2311 842 2351 hec
887 2309 1126 2350 translatio
1173 2309 1306 2349 firma
1355 2311 1491 2358 esset,
1539 2308 1740 2347 domnus

83 2381 222 2422 abbas
256 2383 482 2423 Briennus
523 2384 726 2424 secundo
766 2383 851 2423 iuit
885 2384 1100 2432 Romam3
1148 2385 1191 2422 et
1227 2380 1470 2422 inueniens
1510 2380 1556 2420 in
1591 2380 1741 2421 Clara-

83 2455 199 2496 ualle
221 2456 535 2497 uenerabilem
558 2456 710 2496 uirum
732 2456 975 2507 Eskillum,
1004 2456 1299 2496 Lundensem
1322 2453 1739 2507 archiepiscopum,

84 2529 329 2581 apostolice
362 2529 482 2569 sedis
514 2529 730 2581 legatum,
765 2528 1018 2582 postulauit
1043 2529 1101 2568 ab
1127 2540 1179 2568 eo
1205 2528 1263 2567 ad
1291 2539 1480 2580 presens
1505 2526 1737 2578 negotium

84 2600 303 2655 priuilegij
339 2602 409 2642 sui
442 2601 859 2653 confirmationem,
892 2602 1015 2656 quod
1050 2601 1244 2641 libenter
1276 2599 1315 2640 ei
1337 2596 1604 2653 ,lconcessih
1654 2598 1740 2638 Iste
1768 2605 1810 2635 3O
1837 2600 1976 2635 Pol-8²⁷.

85 2673 458 2728 archiepiscopus
492 2674 695 2715 Eskillus
735 2687 915 2728 semper
956 2678 998 2715 et
1046 2674 1217 2727 ubique
1249 2671 1530 2713 edificationi
1564 2675 1605 2711 et
1637 2684 1741 2711 con-

85 2744 331 2787 firmationi
370 2748 509 2787 huius
552 2748 720 2788 domus
767 2747 963 2787 intendit
1009 2750 1051 2788 et
1096 2746 1293 2786 deuotus
1342 2744 1438 2791 fuit,
1487 2743 1590 2784 licet
1637 2747 1741 2784 ante

86 2818 375 2871 priuilegium
408 2833 544 2861 suum
579 2833 671 2861 non
705 2820 894 2871 dederit,
927 2819 1035 2874 quia
1068 2819 1194 2873 prius
1221 2831 1313 2858 non
1339 2817 1589 2870 petebatur.
1641 2817 1741 2869 Ipse

87 2891 238 2932 eduxit
269 2894 385 2934 duos
418 2896 689 2942 conuentus,
732 2906 876 2934 unum
910 2894 965 2933 de
999 2891 1232 2942 Cistercio,
1274 2891 1468 2931 alterum
1504 2890 1558 2929 de
1592 2889 1741 2930 Clara-

87 2964 217 3017 ualle,
264 2969 306 3006 et
344 2965 558 3006 fundauit
596 2966 689 3006 duo
730 2965 1023 3016 monasteria,
1072 2964 1359 3005 Heriuadum
1408 2962 1452 3002 in
1495 2962 1658 3002 Scania
1701 2965 1740 3001 et
1769 2970 1811 3000 35

89 3036 249 3078 Esrom
296 3038 343 3079 in
385 3039 611 3090 Selandia,
659 3039 714 3079 de
760 3038 930 3092 quibus
970 3038 1102 3091 plura
1149 3035 1360 3077 examina
1403 3035 1740 3075 monachorum

89 3109 253 3150 diffusa
285 3115 391 3151 sunt
423 3124 502 3164 per
520 3111 733 3161 Daciam,
767 3114 809 3150 et
840 3114 997 3164 postea
1022 3110 1069 3150 in
1096 3109 1352 3151 Claraualle
1386 3112 1452 3148 est
1483 3107 1741 3148 monachus
