2242 3551
374 237 434 265 DE
467 234 787 265 PROFECTIONE
820 234 1038 264 DANORVM
1072 237 1117 265 lN
1151 237 1510 268 HlERosomMAM
1690 225 1773 264 469

109 357 352 408 ceperunt,
400 350 508 404 quia
549 353 713 402 cneque
760 349 976 402 plantans
1023 363 1172 405 neque
1218 353 1373 404 rigans
1421 351 1621 391 multum
1670 362 1774 390 con-

107 428 273 479 ferunt,
305 425 395 466 nisi
428 424 541 465 deus
574 421 750 463 dederit
782 421 1145 464 incrementum&

196 499 414 552 Quinque
437 499 616 537 tantum
644 494 734 534 uiri
760 494 816 535 de
840 506 910 534 xv.
937 496 1245 537 constantiam
1272 497 1368 537 uoti
1394 509 1488 537 non
1515 496 1774 548 linquentes

109 574 168 613 ad
200 572 464 613 condictam
498 567 692 609 nauium
731 566 1070 607 institutionem
1110 568 1403 621 festinabant,
1450 581 1650 622 quorum
1690 568 1776 607 hec

109 650 216 687 sunt
262 645 474 686 nomina:
538 627 760 697 <Primus>
806 642 923 693 Ago,
982 642 1103 682 filius
1151 643 1278 695 Stigh
1325 643 1450 695 Albi,
1503 642 1603 696 qui,
1660 645 1820 681 etate5

109 718 355 770 maturior,
411 715 684 758 auctoritate
739 727 924 768 quoque
972 715 1153 755 consilii
1200 715 1326 768 prior
1373 728 1470 755 esse
1518 715 1774 754 uidebatur.

108 792 369 832 Alexander
407 790 519 830 alter
561 787 816 839 dicebatur,
862 787 1111 827 Absolonis
1153 788 1489 841 archiepiscopi
1538 800 1681 839 nepos
1723 799 1777 826 ex

111 876 280 905 sorore.
345 863 404 903 Hi
442 862 699 914 iunguntur
742 860 958 900 societate
999 863 1041 899 et
1084 860 1416 901 communione
1455 873 1609 900 rerum
1651 863 1691 899 et
1730 859 1776 898 in

27 989 37 993 ρ
110 936 250 977 unius
296 936 431 977 nauis
480 933 824 975 constructione
872 932 1173 973 collaborant.
1237 932 1418 973 Tertius
1460 933 1559 973 Ako
1606 944 1777 972 nomen

110 1008 288 1060 habuit,
335 1009 415 1063 qui
456 1007 666 1048 similiter
707 1005 975 1046 strenuitate
1007 1005 1210 1058 pollebat
1242 1010 1284 1046 et
1316 1018 1478 1058 genere
1510 1003 1621 1059 (erat
1653 1005 1776 1044 enim
1804 1009 1845 1041 10

110 1081 392 1122 uenerabilis
425 1080 514 1121 uiri
547 1091 705 1132 nepos,
739 1079 944 1119 Tuconis
978 1076 1220 1133 episcopi);
1257 1078 1336 1132 qui
1369 1091 1448 1131 pre
1481 1078 1640 1118 ceteris
1674 1089 1778 1117 con-

112 1158 298 1207 ceptum
330 1152 612 1194 desiderium
646 1151 897 1192 ardentiori
931 1151 1227 1192 emulabatur
1259 1151 1446 1191 affectu:
1482 1151 1631 1191 uicem
1665 1148 1778 1189 cotis

111 1238 264 1279 gerere
296 1240 390 1268 non
423 1225 608 1275 destitit,
658 1228 864 1276 cunctos,
904 1237 1021 1277 quos
1056 1228 1247 1277 poterat,
1288 1225 1509 1264 acuendo.
1575 1223 1660 1262 Hic
1692 1221 1778 1262 sibi

111 1299 290 1340 socium
324 1299 490 1340 asciuit
530 1298 640 1338 satis
680 1297 980 1348 industrium,
1029 1297 1219 1337 nomine
1260 1296 1408 1348 Skori,
1456 1309 1593 1350 quem
1642 1295 1777 1335 etiam

112 1385 193 1413 sue
226 1373 376 1424 nauis,
421 1385 563 1426 quam
603 1373 937 1421 construxerat,
984 1369 1089 1410 fecit
1130 1383 1229 1410 esse
1268 1369 1555 1423 participem.
1618 1368 1779 1408 Petrus
1806 1371 1848 1402 15

112 1458 321 1499 quoque,
374 1445 446 1485 uir
493 1456 609 1498 eque
655 1442 847 1493 nobilis,
903 1442 1007 1482 Albi
1056 1443 1277 1483 Palnonis
1324 1442 1461 1493 filius,
1510 1440 1779 1481 diuitiarum

113 1518 401 1558 abundantia
434 1517 666 1570 copiosus,
699 1515 748 1555 in
780 1515 957 1556 fabrica
990 1528 1071 1556 sue
1095 1516 1231 1556 nauis
1256 1515 1381 1556 solus
1409 1515 1599 1555 sudasse
1624 1513 1780 1564 digno-

114 1590 266 1631 scitur.
331 1590 512 1632 Sweino
547 1589 699 1641 etiam,
732 1588 961 1628 Thorkilli
995 1588 1132 1640 filius,
1174 1602 1297 1629 unus
1330 1591 1425 1628 erat
1458 1600 1509 1627 ex
1543 1586 1654 1635 illis3
1702 1584 1781 1638 qui

98 1654 398 1705 Mattheum‚
446 1662 601 1703 uirum
650 1673 948 1714 generosum,
994 1661 1266 1714 litteratum,
1318 1660 1565 1701 militarem
1611 1662 1781 1709 tamen,

88 1725 188 1776 *uie
221 1735 439 1776 comitem
472 1739 514 1776 et
545 1734 717 1775 laboris
751 1738 1013 1775 consortem
1048 1735 1190 1787 elegit.
1255 1734 1334 1774 Isti
1374 1737 1481 1774 sunt
1520 1732 1608 1772 uiri
1641 1731 1779 1771 fortes
1806 1736 1849 1768 20

114 1811 157 1849 et
188 1808 390 1860 gloriosi,
422 1821 539 1862 quos
572 1807 706 1860 elegit
733 1805 954 1847 dominus
977 1807 1025 1847 in
1050 1807 1272 1848 charitate
1297 1820 1391 1848 non
1417 1806 1546 1855 ficta3
1580 1816 1779 1857 quorum

115 1881 329 1929 nomina,
376 1871 598 1935 perpetua
644 1879 781 1920 laude
829 1879 1030 1932 uictura,
1078 1883 1348 1921 meruerunt
1393 1878 1569 1932 premia
1613 1880 1779 1927 eterna,

116 1953 238 2007 quia,
285 1954 555 1994 diuinorum
598 1956 923 2006 preceptorum
970 1966 1065 1993 non
1099 1954 1333 1993 auditores
1366 1955 1546 1992 tantum
1581 1949 1657 1989 sed
1692 1948 1780 1988 fac-

116 2030 252 2078 tores,
285 2040 378 2067 non
412 2026 676 2067 hesitahant
707 2037 814 2065 cum
848 2025 1084 2065 Abraham
1118 2026 1239 2066 exire
1272 2027 1327 2066 de
1359 2025 1421 2065 Vr
1453 2023 1779 2072 Chaldeorum,

118 2103 167 2138 ut
207 2098 364 2139 uidere
406 2102 687 2139 mererentur
724 2101 894 2138 terram
934 2098 1274 2151 promissionis,
1330 2098 1549 2138 fluentem
1590 2095 1704 2135 lacte
1738 2096 1779 2134 et
1805 2102 1847 2133 25

118 2172 266 2212 melle.
315 2196 369 2201 —
416 2171 535 2223 (Non
577 2170 797 2212 omnibus
838 2170 948 2210 satis
980 2171 1076 2211 fore
1109 2171 1407 2212 manifestum
1442 2169 1652 2219 arbitror,
1700 2179 1780 2206 cur

119 2244 197 2284 illa
240 2248 360 2285 terra
406 2244 586 2284 dicatur
629 2243 995 2296 ‘promissionis’,
1055 2244 1127 2284 uel
1176 2244 1288 2297 quid
1336 2243 1393 2283 sit
1436 2242 1564 2282 illam
1610 2244 1778 2280 terram

118 2320 322 2357 ‘manare
355 2317 426 2357 lac
458 2321 502 2357 et
534 2316 658 2366 mel'3
704 2328 798 2356 non
844 2316 968 2356 enim
1000 2316 1141 2357 habet
1172 2316 1301 2356 lactis
1334 2319 1376 2356 et
1408 2314 1557 2355 mellis
1588 2313 1778 2353 riuulos.

208 2424 242 2459 1.
277 2433 415 2469 neque
446 2423 644 2469 plantans
676 2426 773 2459 etc.:
814 2421 887 2468 cfr.
922 2421 1102 2458 Corinth.
1134 2422 1165 2468 I,
1200 2422 1234 2466 3,
1256 2422 1288 2458 7.
1360 2422 1394 2457 5.
1428 2421 1594 2456 Primus
1627 2419 1779 2455 addidi.

120 2480 241 2516 8—9.
288 2479 990 2527 iungebantur..collaborabant
1037 2480 1080 2516 K.
1176 2481 1237 2515 11.
1284 2479 1400 2514 Tuco
1448 2478 1658 2524 episcopus
1701 2476 1782 2521 fuit

118 2537 415 2583 Burqlanensis
438 2537 672 2573 Valdemari
698 2537 828 2583 primi
861 2539 1049 2583 tempore.
1115 2538 1177 2573 12.
1211 2537 1348 2572 uicem
1381 2535 1499 2579 cotis,
1530 2533 1602 2579 cfr.
1636 2533 1776 2569 Horat.

119 2597 192 2630 art.
215 2597 320 2641 poet.
348 2594 424 2631 304
445 2606 502 2641 sq.
566 2595 629 2631 17.
658 2594 896 2631 dinoscitur
917 2593 955 2630 11.
983 2594 1004 2630 l.
1030 2594 1079 2631 Ο.
1146 2594 1207 2630 18.
1233 2593 1398 2630 Sweino
1430 2602 1522 2627 cum
1549 2591 1576 2626 S
1602 2589 1778 2626 scribam

121 2651 229 2696 (item
259 2653 399 2698 postea
419 2653 620 2699 Swerus);
649 2662 728 2698 pro
752 2663 792 2688 w
816 2652 854 2687 Μ
885 2651 971 2697 fere
999 2662 1170 2697 semper,
1201 2651 1234 2686 A
1255 2651 1497 2696 plerumque
1525 2659 1581 2683 uu
1609 2646 1778 2695 habent3

120 2708 241 2745 etiam
285 2721 312 2745 u
350 2710 525 2756 simplex
563 2709 806 2756 aliquotiens
840 2709 881 2745 in
913 2708 1026 2745 codd.
1059 2711 1123 2744 est.
1215 2718 1324 2743 unus
1365 2717 1413 2742 ex
1452 2705 1547 2749 illis,
1592 2703 1662 2749 cfr.
1695 2704 1776 2739 Act.

120 2767 245 2812 apost.
281 2767 316 2812 1,
335 2766 398 2803 22.
476 2767 539 2803 21.
582 2767 625 2802 in
673 2767 787 2803 char.
831 2777 915 2802 non
956 2766 1072 2803 ficta:
1126 2764 1306 2801 Corinth.
1337 2763 1386 2807 II,
1423 2763 1456 2807 6,
1478 2763 1512 2798 6.
1589 2761 1651 2797 23.
1693 2771 1777 2796 non

121 2823 337 2860 auditores
370 2827 461 2860 etc:
494 2823 603 2870 epist.
636 2822 774 2859 Iacobi
803 2823 837 2869 1,
855 2823 907 2859 22
942 2822 1132 2866 (Roman.
1158 2822 1196 2867 2,
1218 2821 1298 2866 13).
1361 2821 1425 2858 24.
1460 2820 1510 2854 de
1536 2819 1591 2854 Vr
1614 2818 1778 2853 Chald:

125 2880 258 2916 Genes.
293 2881 356 2927 11,
374 2881 421 2917 31
441 2891 523 2927 sqq.
586 2881 649 2917 25.
683 2883 901 2916 merentur
932 2881 980 2924 Ο,
1015 2879 1084 2915 sed
1115 2890 1216 2915 corr.
1253 2876 1399 2922 MQK).
1461 2876 1639 2911 25—26.
1672 2875 1778 2910 lacte

123 2940 162 2973 et
193 2938 317 2974 melle
342 2938 383 2983 S,
414 2940 451 2974 et
479 2938 535 2974 sic
557 2937 683 2974 Exod.
710 2937 745 2983 3,
767 2937 872 2974 8.17
906 2939 943 2973 et
972 2937 1110 2972 multis
1142 2936 1233 2971 aliis
1266 2934 1361 2970 locis
1393 2933 1625 2978 (eodemque
1657 2931 1779 2967 modo

122 2994 272 3030 dicitur
297 3006 469 3031 manare
493 2995 601 3031 lacte
627 2998 667 3031 et
697 2995 821 3031 melle
838 2994 962 3031 Num.
984 2993 1045 3038 14,
1067 2994 1091 3028 8
1113 2995 1148 3028 ei
1171 2992 1329 3037 soepius,
1356 2990 1425 3026 sed
1451 2990 1490 3025 in
1511 2987 1780 3025 Ecclesiastici

122 3062 210 3097 cap.
228 3051 293 3096 46,
314 3052 365 3088 10
390 3055 462 3088 esi:
495 3055 638 3088 manat
669 3052 734 3087 lae
766 3055 806 3087 et
838 3052 954 3096 mel);
985 3050 1051 3086 lac
1083 3053 1121 3085 et
1148 3049 1229 3085 mel
1254 3048 1340 3084 MA.
1403 3047 1466 3082 28.
1497 3043 1717 3092 manere&
1733 3045 1777 3080 A.

123 3108 251 3144 habet
282 3119 361 3146 om.
396 3109 435 3146 S.
526 3109 662 3146 mellis
695 3112 734 3145 et
765 3109 884 3144 lactis
919 3108 1004 3143 MA.
