2242 3551
421 238 656 269 Exonmvm
689 238 967 269 MONASTERII
999 238 1128 268 CARAE
1160 238 1334 267 INSVLAE
1623 227 1703 268 247

55 359 254 412 pretextu
302 355 374 395 uel
421 367 582 406 causa,
640 353 789 394 taliter
842 354 1068 406 corrigere
1114 365 1168 394 ac
1213 353 1269 393 de
1317 352 1707 406 subsequentibus

54 429 277 472 abstinere
313 426 479 478 uelitis,
526 428 649 481 quod
691 426 855 468 merito
894 427 1182 480 gaudeamus
1220 430 1286 467 tot
1324 429 1504 466 nostras
1544 426 1707 466 adhor-

53 502 243 544 tationes
281 504 323 541 et
362 512 519 553 preces
558 513 652 541 non
693 499 979 541 frustratorie
1019 498 1313 552 processisse,
1360 511 1444 539 nec
1485 499 1531 538 in
1574 502 1708 539 antea

53 574 383 630 premissorum
425 573 499 614 uel
547 573 937 628 subsequencium
984 572 1228 612 occasione
1268 571 1595 623 grauaminum
1635 572 1708 612 uel

53 647 184 689 uobis
215 645 378 687 durius
410 645 609 687 scribere
643 646 717 686 uel
754 645 885 687 aliter
923 657 1063 698 super
1100 643 1204 697 hijs,
1252 647 1439 696 urgente
1479 657 1564 685 nos
1604 656 1708 685 con·
1734 655 1753 685 5

54 719 251 769 scientia,
284 718 499 760 ordinare
530 730 764 771 cogamur.
828 719 999 759 Datum
1034 716 1306 758 Roskildis.«

135 839 392 897 (XXXVII.)
455 806 628 884 Nulla
683 841 860 883 ratione
907 841 1071 882 uolens
1118 840 1293 881 deferre
1341 840 1549 894 petitioni
1596 841 1708 881 tanti

53 914 139 957 uiri
189 914 454 968 episcopus,
517 917 703 955 coactus
756 918 824 955 est
876 913 1095 955 dominus
1150 913 1295 953 abbas
1352 913 1479 954 adire
1534 913 1708 954 dictum

52 989 263 1041 legatum,
310 986 390 1042 qui
432 991 539 1028 tunc
579 987 802 1040 temporis
835 986 962 1040 Ripis
1005 990 1112 1027 erat.
1175 985 1343 1026 Audita
1383 985 1520 1038 igitur
1557 985 1709 1027 cordis

53 1059 253 1114 episcopi
307 1059 484 1101 duricia
537 1060 711 1113 legatus
759 1059 919 1101 citauit
966 1058 1261 1113 episcopum,
1315 1058 1534 1112 quatinus
1589 1071 1710 1099 com-
1738 1069 1779 1100 10

53 1136 230 1188 pareret
257 1132 406 1187 Ripis3
439 1133 644 1174 secundo
677 1132 837 1174 citauit
870 1146 990 1185 eum,
1023 1136 1073 1173 ut
1101 1131 1293 1173 Sleswik
1326 1131 1523 1182 ueniret,
1556 1131 1710 1183 tercio,

55 1211 103 1247 ut
140 1206 339 1260 Lybekae
381 1219 428 1247 se
467 1209 763 1259 presentaret,
809 1207 866 1247 de
905 1205 978 1246 his
1025 1209 1066 1246 et
1104 1205 1160 1245 de
1206 1204 1363 1245 multis
1410 1204 1512 1257 alijs
1559 1204 1712 1245 causis

54 1292 398 1333 responsurum.
467 1278 700 1321 Omnibus
748 1279 818 1319 his
867 1278 1145 1332 contemptis
1191 1277 1437 1332 episcopus
1484 1290 1569 1318 nec
1614 1277 1712 1330 ipse

55 1352 179 1394 uenit
231 1364 316 1393 nec
370 1352 688 1405 responsalem
742 1352 867 1393 misit
928 1351 1212 1393 sufficienter
1272 1351 1571 1400 instructumg
1633 1351 1712 1391 sed

56 1438 234 1479 semper
273 1424 320 1465 in
353 1424 501 1477 prima
536 1425 840 1479 responsione
872 1425 1138 1466 defecerunt
1169 1424 1459 1478 responsales
1493 1423 1711 1477 episcopi,
1740 1433 1781 1464 15

57 1498 134 1553 qui
172 1498 263 1540 fere
301 1510 463 1539 omnes
503 1498 893 1539 excommunicati
932 1502 1120 1552 propter
1159 1510 1372 1538 excessus
1421 1510 1529 1538 suos
1572 1510 1713 1538 reme-

57 1572 207 1613 abant.
265 1572 499 1623 Quamuis
539 1571 783 1625 episcopus
823 1575 1009 1625 propter
1047 1570 1391 1612 contumaciam
1434 1569 1712 1611 iudicandus

57 1649 184 1698 esset,
215 1649 369 1686 tamen
403 1646 579 1698 legatus
611 1644 787 1685 distulit
818 1648 1004 1698 propter
1036 1643 1230 1684 nimiam
1265 1643 1335 1684 sui
1365 1642 1518 1684 cordis
1542 1642 1714 1696 simpli-

58 1718 257 1768 citatem;
290 1723 385 1759 erat
416 1718 540 1760 enim
565 1729 669 1771 erga
695 1730 858 1759 omnes
881 1716 1257 1770 benignissimus,
1291 1716 1525 1757 neminem
1552 1715 1713 1756 uolens

57 1787 270 1843 iudicare,
303 1791 390 1832 nisi
425 1791 565 1832 nimis
597 1795 715 1832 esset
746 1794 946 1832 coactus.
1000 1791 1364 1843 Verumptamen
1398 1802 1504 1842 sepe
1537 1789 1712 1829 dictum
1739 1798 1782 1829 20

57 1863 340 1917 episcopum,
386 1877 472 1906 nec
509 1878 604 1906 non
636 1869 678 1905 et
709 1875 862 1916 regem
896 1863 1036 1904 Dacie
1069 1867 1111 1904 et
1143 1863 1314 1904 multos
1346 1862 1462 1903 alios
1493 1862 1540 1902 in
1572 1872 1713 1913 regno

59 1936 196 1977 Dacie
249 1937 542 1990 constitutos,
604 1937 683 1991 qui
738 1937 958 1978 nolebant
1009 1936 1255 1977 dominum
1308 1933 1713 1988 archiepiscopum

58 2008 285 2050 Jacobum
332 2009 378 2050 in
425 2023 509 2050 sua
556 2009 743 2064 propria
790 2009 977 2063 dyocesi
1024 2021 1109 2050 nec
1154 2009 1201 2049 in
1250 2019 1389 2060 regno
1432 2007 1571 2048 Dacie
1618 2019 1715 2060 per-

58 2094 255 2134 manere,
286 2083 333 2124 in
365 2083 544 2136 synodo
578 2082 823 2136 Lybicensi
857 2082 1041 2136 publice
1073 2080 1511 2123 excommunicauit.
1560 2080 1715 2130 Quare

59 2154 122 2195 sic
152 2155 269 2208 fecit,
301 2169 395 2197 non
428 2155 514 2196 fuit
545 2156 643 2196 sine
668 2155 872 2196 maxima
896 2167 1050 2207 causa,
1083 2156 1208 2208 quod
1232 2154 1291 2195 ad
1317 2166 1505 2207 presens
1529 2155 1714 2206 propter
1740 2161 1783 2193 25

58 2227 248 2269 nimiam
296 2229 606 2283 prolixitatem
654 2241 748 2269 non
796 2231 864 2269 est
909 2227 1173 2269 dicendum.
1237 2226 1392 2267 Abbas
1432 2238 1556 2278 uero,
1604 2224 1713 2279 quia

58 2313 147 2341 non
195 2301 335 2343 fiebat
382 2301 469 2342 sibi
509 2303 565 2342 ad
607 2314 795 2355 presens
833 2300 1012 2342 iusticie
1051 2300 1460 2354 complementum,
1507 2297 1710 2351 aliquan-

58 2373 202 2414 tulum
250 2378 532 2423 commotus,
585 2374 691 2416 fecit
735 2374 782 2414 in
829 2375 990 2415 eadem
1037 2374 1215 2427 synodo
1264 2371 1510 2425 Lybicensi
1557 2383 1712 2411 coram

59 2446 297 2500 cardinali,
345 2447 565 2488 omnibus
612 2447 929 2499 audientibus,
977 2446 1154 2488 clericis
1202 2449 1244 2486 et
1290 2444 1439 2495 laicis,
1488 2443 1630 2484 Danis
1674 2446 1716 2483 et

60 2518 343 2573 Teutunicis,
392 2520 665 2561 Frisonibus
713 2523 755 2561 et
802 2520 1000 2572 Sclauis,
1047 2519 1126 2574 qui
1174 2531 1336 2560 omnes
1384 2520 1512 2558 erant
1558 2515 1621 2557 ibi
1668 2515 1714 2556 in
1741 2527 1784 2557 30

60 2604 203 2632 unum
231 2593 505 2646 congregati,
539 2598 588 2634 ut
619 2593 787 2634 iniuria
814 2597 972 2634 nostra
1004 2590 1153 2646 toto(!)
1184 2591 1362 2632 mundo
1394 2590 1713 2639 innotesceret,

60 2664 268 2706 cedulam
300 2665 481 2707 recitari
515 2667 600 2707 hec
632 2666 774 2708 uerba
807 2666 1134 2707 continentem.
1168 2662 1179 2719 Η

547 2826 793 2871 (XXXVIII.)
856 2826 1008 2873 Incipit
1040 2824 1219 2861 libellus¹
1740 2830 1814 2861 Fol.
1831 2825 1903 2860 39V.

154 2895 452 2984 Significant
482 2932 733 2972 reuerende
763 2930 1025 2984 paternitati
1052 2933 1202 2970 uestre
1226 2928 1371 2969 abbas
1395 2931 1436 2968 et
1459 2931 1716 2968 conuentus

62 3002 116 3043 de
162 3003 282 3044 Kara
329 3004 499 3055 Insula,
546 3003 808 3045 Arusiensis
855 3001 1081 3055 dyocesis,
1129 3001 1253 3055 quod
1301 2999 1520 3041 dominus
1568 2999 1716 3049 Tuko,
1744 3010 1785 3039 35

150 3124 210 3161 11.
234 3125 403 3162 scitauit
428 3123 493 3162 C8.
562 3125 620 3161 15.
646 3094 791 3169 defec‚ert
816 3122 881 3161 CS.
944 3124 1006 3160 20.
1041 3123 1165 3158 nimis
1197 3132 1247 3158 ex
1277 3121 1403 3157 minis
1436 3117 1521 3167 ipse
1545 3120 1721 3166 scriptor

63 3193 242 3229 correxit.
306 3194 371 3230 23.
401 3188 458 3242 (pa
490 3192 547 3230 08
573 3202 651 3240 pro
677 3186 770 3240 12132-
833 3194 898 3229 24.
933 3191 1100 3239 cynodo
1131 3189 1241 3239 (item
1276 3188 1345 3238 28)
1376 3188 1442 3226 CS.
