2242 3551
491 191 726 220 ExoRDIVM
759 191 1037 220 MONASTERII
1070 191 1199 220 CARAE
1232 190 1405 220 INSVLAE
1698 180 1777 218 199

120 321 186 350 ,vr
220 307 354 347 annis
387 305 572 357 integris
605 309 647 346 et
680 309 853 358 septem
887 305 1126 346 mensibus
1160 309 1201 345 et
1234 305 1441 345 dimidio.
1507 306 1589 346 Cui
1624 305 1776 354 etiam,

119 385 163 424 vt
193 379 333 434 priori
365 378 570 430 domino,
604 377 804 431 plurima
832 378 1061 418 contraria
1088 377 1440 418 ministrationis
1466 391 1545 417 sue
1571 382 1777 430 tempore

118 456 387 502 euenerunt3
432 452 487 492 de
520 450 704 505 quibus,
746 454 971 503 quantum
1007 451 1149 491 michi
1181 451 1394 501 innotuit,
1429 450 1588 503 paucis
1622 450 1777 491 uerbis

117 525 273 567 audire
322 523 615 577 cupientibus
663 523 901 563 enarrabo.
995 524 1247 577 Postquam
1303 524 1450 564 sactus
1506 527 1572 564 est
1618 523 1777 574 abbaS,

116 599 263 653 primo
297 598 432 637 frater
465 610 576 636 suus
606 596 818 648 carnalis,
853 596 1005 637 Sueno
1039 595 1241 646 nomine,
1277 600 1318 636 et
1343 609 1486 648 soror,
1522 597 1776 647 Margareta

116 670 364 722 uocabulo,
420 682 562 722 prope
612 670 816 710 Horsnes
871 669 1010 709 ambo
1066 681 1154 709 vna
1203 669 1275 709 die
1322 669 1544 710 interfecti
1593 669 1777 710 fuerunt

116 743 302 798 pariter,
364 746 406 782 et
459 742 583 783 filius
639 741 785 795 ipsius
832 741 1013 782 abbatis
1060 742 1305 793 naturalis,
1369 741 1519 782 Sueno
1569 741 1777 782 similiter

116 818 314 868 nomine,
363 828 500 869 quem
534 828 619 856 nos
653 816 789 868 Papae
821 814 1178 868 appellauimus,
1227 814 1538 855 miserabilem
1581 819 1775 855 mortem

115 903 250 944 penes
297 901 382 929 nos
429 887 647 928 sustinuit
694 888 1043 928 submersionis.
1137 888 1192 927 Et
1247 888 1332 927 hec
1386 887 1541 927 onmia
1591 887 1772 928 initium

115 961 284 1003 doloris
318 961 428 1001 eius.
481 961 832 1013 Ingrauescente
865 961 1163 1013 postmodum
1198 959 1463 1000 infelicitate
1496 963 1773 1013 temporum,

114 1034 308 1089 peccatis
342 1034 594 1074 multorum
630 1032 931 1085 exigentibus,
965 1033 1141 1082 seditio,
1176 1046 1264 1087 que
1292 1033 1471 1073 dudum
1498 1036 1595 1073 orta
1629 1033 1776 1074 suerat

114 1107 228 1148 inter
276 1107 452 1147 Ducem
499 1110 541 1147 et
588 1107 755 1159 Regem
805 1106 957 1157 Datie,
1016 1106 1205 1158 maligni
1253 1105 1399 1146 hostis
1446 1105 1622 1146 inuidia
1671 1119 1775 1147 con-

115 1180 333 1232 flagrante
366 1180 596 1220 malorum
630 1179 827 1231 animos,
874 1179 921 1219 in
960 1182 1140 1219 tanturn
1181 1178 1434 1230 incanduit,
1484 1182 1528 1219 vt
1561 1179 1775 1219 homines

113 1253 237 1307 pacis
279 1265 374 1305 sue,
422 1252 466 1292 in
508 1252 679 1307 quibus
721 1265 850 1305 spem
894 1251 1100 1305 corporis
1140 1253 1217 1292 sed
1252 1265 1345 1292 non
1379 1251 1534 1291 anime
1567 1265 1647 1292 sue
1681 1253 1775 1292 Rex

113 1329 339 1379 posuerat,
373 1329 558 1379 propter
591 1325 680 1366 cito
714 1325 903 1378 perituri
937 1325 1063 1376 regni
1096 1324 1363 1378 cupidinem
1397 1325 1562 1364 ducem
1596 1325 1652 1364 ad
1686 1325 1775 1365 hoc

112 1398 433 1450 animauerint,
474 1402 520 1438 vt
551 1398 737 1438 fratrem
770 1402 865 1438 tam
898 1397 1224 1450 venerabilem,
1273 1398 1439 1449 Regem
1474 1397 1601 1437 omni
1634 1409 1773 1449 regno

112 1471 356 1523 affabilem,
392 1468 404 1525 Η
441 1471 527 1511 deo
560 1483 745 1524 quoque
778 1474 820 1510 et
852 1470 1123 1511 hominibus
1156 1470 1403 1511 amabilem
1438 1474 1480 1511 et
1512 1483 1769 1523 numquam

111 1545 165 1584 de
212 1543 347 1584 fratre
394 1544 502 1584 talia
545 1543 874 1597 suspicantem,
920 1543 1177 1584 interficere
1225 1542 1469 1583 crudeliter
1515 1547 1771 1584 conaretur.

112 1616 166 1656 Et
197 1616 304 1669 quia
337 1616 516 1657 cunctis
547 1616 762 1669 innotuit,
805 1629 896 1670 quo
939 1620 1145 1669 tempore
1178 1620 1220 1657 et
1252 1617 1378 1669 quali
1411 1619 1557 1657 morte
1590 1615 1773 1668 interiit,

111 1693 287 1729 tantum
331 1690 480 1730 scelus
519 1689 775 1730 describere
819 1689 1080 1742 supersedi3
1129 1693 1449 1730 verumtamen
1490 1688 1568 1742 qui
1610 1700 1774 1740 cogno-

102 1775 233 1803 scere
280 1761 519 1814 diligenter
566 1762 784 1814 uoluerit,
847 1762 1076 1803 cronica
1131 1766 1324 1803 nostra
1373 1765 1422 1802 et
1478 1765 1598 1801 acta
1646 1765 1771 1802 tem-

111 1848 302 1888 porum
350 1834 581 1886 discutiat,
630 1839 669 1874 et
717 1834 810 1875 illic
855 1835 1074 1887 inueniet,
1121 1836 1245 1889 quod
1293 1834 1505 1888 requiret.
1590 1835 1771 1875 Mortuo

110 1907 261 1961 itaque
304 1908 422 1960 Rege
462 1907 611 1960 Erico,
659 1907 737 1961 qui
785 1907 900 1949 Viuit
939 1921 1119 1961 semper
1166 1903 1297 1948 diues
1344 1907 1390 1947 in
1432 1907 1629 1959 Christo,
1677 1920 1771 1947 non

110 1980 235 2032 Abel,
268 1981 347 2021 sed
367 1981 522 2032 Babel,
555 1980 713 2021 fauore
744 1982 914 2021 ducum
950 1985 992 2021 et
1024 1994 1215 2021 suorum
1251 1980 1532 2033 complicum
1566 1980 1613 2020 in
1646 1979 1771 2031 regni

111 2053 224 2093 solio
267 2053 557 2094 sublimatur.
622 2053 712 2104 Qui
760 2053 911 2093 statim
962 2058 1121 2094 contra
1170 2053 1385 2094 ecclesias
1433 2052 1506 2093 dei
1553 2056 1595 2093 et
1641 2065 1770 2092 sacra

111 2126 387 2166 monasteria
421 2126 622 2166 furorem
658 2139 793 2166 suum
829 2127 1050 2176 exercuit,
1094 2127 1227 2178 vnde,
1270 2126 1388 2166 sicut
1419 2125 1520 2166 aliis
1554 2125 1770 2176 ecclesiis,

111 2197 170 2237 ita
203 2202 245 2238 et
276 2203 434 2239 nostro
468 2199 662 2239 cenobio
697 2199 840 2238 multa
873 2199 1144 2250 grauamina
1187 2199 1351 2239 intulit.
1417 2199 1472 2238 Et
1514 2197 1678 2251 primo,
1725 2201 1771 2238 vt

112 2270 316 2312 libertate
355 2275 585 2312 vteremur
627 2271 887 2312 villicorum
921 2275 963 2312 et
995 2272 1267 2312 colonorum
1301 2275 1581 2322 nostrorum,
1628 2283 1769 2323 quam

112 2344 455 2395 predecessores
488 2348 530 2385 et
561 2344 739 2397 proaui,
788 2348 914 2397 pater
954 2348 995 2385 et
1028 2345 1188 2385 fratres
1223 2344 1307 2395 sui,
1354 2345 1494 2396 Reges
1530 2344 1767 2383 Danorum

111 2415 326 2469 piissimi,
373 2417 508 2457 nobis
555 2421 659 2457 ante
705 2416 902 2468 gratuito
950 2420 992 2457 et
1038 2416 1181 2469 gratia
1229 2430 1312 2457 sua
1353 2416 1663 2467 contulerant,
1711 2416 1769 2455 ab

112 2488 274 2530 abbate
307 2490 457 2531 Olauo
491 2494 533 2530 et
565 2490 699 2530 nobis
731 2490 949 2531 fratribus
982 2494 1208 2530 trecentas
1251 2501 1431 2529 marcas
1470 2488 1768 2529 denariorum

111 2561 340 2602 fratricida
387 2562 527 2603 miser
574 2563 647 2602 ille
695 2575 789 2602 non
835 2562 988 2603 timuit
1032 2567 1312 2616 extorquere.
1387 2561 1472 2602 Sed
1521 2564 1563 2601 et
1607 2562 1769 2601 Petrus

197 2723 230 2756 2.
278 2722 673 2758 amministrationis
717 2721 810 2768 fort.
859 2721 989 2760 scrbd.
1081 2723 1232 2758 9—10.
1281 2725 1320 2757 et
1367 2722 1511 2756 hec..
1546 2720 1648 2763 eius,
1696 2719 1766 2765 cfr.

113 2777 232 2814 Marc.
271 2779 330 2823 13,
351 2780 384 2815 8.
463 2780 524 2816 12.
564 2780 851 2826 conflagrante
895 2780 1111 2817 transitiue
1157 2779 1309 2815 dictum
1346 2789 1424 2824 pro
1466 2778 1768 2813 inflammante.

116 2835 288 2872 13—-14,
330 2837 523 2872 homines
571 2837 686 2883 pacis
734 2848 808 2873 sue
849 2839 928 2882 etc„
977 2837 1047 2882 cfr.
1080 2837 1231 2872 Psalm.
1266 2835 1411 2881 40‚10.
1492 2836 1554 2870 21.
1595 2835 1765 2870 cronica

113 2895 252 2928 nostra
287 2895 372 2930 etc:
419 2893 495 2929 hoc
525 2905 626 2940 opus
656 2894 781 2939 plane
813 2895 1067 2940 iynoramus,
1109 2894 1177 2929 secl
1208 2893 1498 2939 siqnificanlnr
1526 2892 1614 2927 sine
1645 2891 1767 2927 dubio

113 2948 289 2986 Annales
328 2950 505 2987 eiusdem
545 2951 717 2997 yenel‘is,
764 2951 878 2986 cuius
924 2953 1020 2987 sunt
1057 2951 1238 2987 Annales
1281 2949 1459 2995 Ryenses
1506 2951 1541 2984 et
1586 2951 1765 2984 extrema

109 3017 206 3052 pars
267 3009 405 3044 veteris·
466 3008 613 3045 Chron.
666 3008 888 3044 Sialandiae
948 3009 1180 3054 similiaque
1241 3007 1389 3053 scripta
1452 3005 1763 3042 monachorum.

115 3062 174 3100 30.
206 3067 256 3099 an
286 3063 325 3113 (i.
358 3076 387 3101 e.
419 3063 530 3111 ante)
563 3063 618 3101 C5
647 3064 800 3113 (autem
838 3064 1076 3111 Lanqebelc).
1141 3066 1203 3101 31.
1237 3067 1460 3100 trescentas
1494 3061 1559 3099 C5.

1803 604 1823 634 5

1805 968 1844 999 10

1801 1331 1843 1361 15

1800 1475 1872 1506 Fol.
1890 1471 1959 1507 27re

1800 1694 1841 1725 20

1797 2060 1839 2089 25

1795 2423 1837 2454 30
