2242 3551
455 232 689 261 ExoRva
723 232 1001 261 MONASTERu
1035 233 1163 262 CARAE
1197 233 1369 262 INSVLAE
1662 226 1741 265 179

86 346 416 401 archiepiscopi
458 359 635 387 necnon
678 347 921 400 apostolici
962 347 1213 401 priuilegijs
1261 348 1568 390 confirmauit.
1642 351 1742 401 Que

86 419 319 477 priuilegia
361 419 464 460 licet
503 431 607 460 cum
650 419 779 460 omni
820 419 1055 472 diligentia
1088 420 1134 460 in
1168 420 1337 461 scrinio
1371 426 1527 463 nostro
1561 435 1741 464 conser-

86 499 261 546 uentur,
307 497 477 545 tamen,
524 505 580 533 ne
613 495 840 533 uetustate
873 497 1210 533 consumantur
1243 498 1284 534 et
1316 499 1517 548 pereant,
1559 496 1634 537 hic
1666 497 1742 538 illa

86 567 320 610 scribenda
345 565 651 617 decernimus,
674 565 892 619 quatinus
912 565 1082 619 scripto
1101 566 1256 619 sepius
1277 571 1497 608 renouata
1517 569 1741 609 memoria

85 639 306 682 Suenonis
348 638 552 692 episcopi
593 637 639 678 in
682 638 1002 680 benedictione
1035 639 1091 679 sit
1122 639 1168 679 in
1203 644 1410 680 eternum
1445 642 1569 693 apud
1602 642 1741 682 deum

86 718 127 756 et
157 712 380 754 homines.

771 854 869 901 Cap.
905 852 1054 892 XXIII.

82 936 393 972 Testamentum
419 935 608 982 episcopi
628 935 849 980 Suenonis,
872 945 921 971 eo
945 938 1141 982 presente
1164 938 1202 971 et
1220 936 1480 982 precipiente
1498 941 1537 973 et
1555 938 1741 975 Romane

180 1004 290 1041 sedis
323 1004 458 1050 legato
491 1004 771 1040 confirmante
804 1015 825 1040 a
860 1004 1080 1051 capellano
1113 1016 1191 1041 suo
1224 1005 1303 1041 .Pa.
1338 1007 1642 1053 conscriptum.

148 1075 355 1152 »Nobis
395 1109 622 1150 defectum
666 1111 872 1151 humane
904 1111 1161 1163 fragilitatis
1193 1111 1595 1153 considerantibus
1626 1113 1740 1154 illud

82 1197 173 1225 non
206 1183 419 1224 inmerito
452 1184 799 1236 precauendum
831 1184 1044 1233 occurrit,
1078 1183 1300 1238 quoniam
1344 1185 1449 1226 facti
1482 1185 1738 1237 ignorantia

81 1256 283 1298 ueritatis
316 1256 526 1297 ordinem
560 1255 846 1311 frequentius
870 1254 882 1310 Η
906 1256 1160 1297 confundit.
1210 1257 1445 1312 Siquidem
1482 1262 1524 1299 et
1555 1272 1621 1312 ea,
1652 1273 1741 1314 que

81 1330 196 1371 facta
229 1333 348 1382 sunt,
387 1333 465 1370 aut
497 1329 782 1370 omnimodis
815 1329 1023 1370 facienda
1058 1330 1383 1383 disponuntur,
1424 1331 1460 1371 si
1495 1332 1622 1373 nullo
1655 1332 1741 1373 for-

79 1407 197 1444 tasse
229 1402 454 1444 euidentis
487 1402 735 1456 testimonij
772 1403 1022 1443 claruerint
1051 1403 1230 1455 inditio,
1268 1404 1521 1445 obliuionis
1552 1407 1738 1447 tandem

80 1477 278 1517 obducta
333 1476 519 1529 erugine
566 1489 649 1516 sua
698 1476 920 1517 nimirum
968 1476 1214 1517 stabilitate
1260 1477 1551 1518 frustrantur.
1646 1479 1740 1532 Ego

80 1549 231 1604 itaque
279 1550 524 1603 episcopus
572 1549 738 1599 Sueno,
785 1549 1097 1591 inbecillitatis
1144 1563 1243 1591 mee
1290 1550 1520 1592 defectum
1568 1552 1740 1593 saniori

80 1622 270 1664 consilio
311 1622 610 1663 considerans
650 1626 692 1663 et
733 1623 935 1663 debitam
971 1623 1085 1664 meis
1119 1623 1382 1664 excessibus
1415 1637 1582 1677 penam
1616 1625 1740 1679 peni-

79 1696 215 1737 tentie
269 1696 469 1737 remedio
525 1700 566 1736 et
620 1696 979 1737 elemosinarum
1035 1696 1274 1750 largitjone
1321 1697 1592 1739 redimendo
1639 1712 1740 1752 pro-

80 1782 259 1822 curanS,
305 1770 429 1824 quod
469 1773 572 1823 post
611 1769 866 1810 discessum
906 1783 1061 1811 meum
1101 1769 1411 1811 confratribus
1444 1771 1572 1823 meis,
1619 1773 1740 1813 clau-

81 1842 294 1884 stralibus
341 1842 555 1883 uidelicet
601 1843 657 1883 de
705 1842 818 1894 Um,
871 1844 1078 1884 dandum
1127 1856 1225 1884 esse
1272 1843 1477 1897 decreuj,
1539 1846 1739 1899 presenti

80 1915 241 1969 pagine
288 1916 333 1956 in
382 1920 705 1967 argumentum
756 1916 961 1957 ueritatis
1006 1915 1283 1968 inscriptum
1325 1916 1503 1971 reliqui.
1577 1919 1737 1960 Predia

79 1989 213 2041 igitur
259 2002 376 2039 mea,
423 2002 512 2042 que
553 1988 694 2029 michi
736 1989 834 2030 iure
876 1989 1153 2030 hereditario
1195 1993 1273 2029 aut
1320 1989 1456 2030 etiam
1505 1992 1738 2045 emptione

81 2065 405 2115 prouenerunt,
452 2061 498 2102 in
546 2063 801 2116 Attethorp‚
855 2062 1106 2115 Ogethorp,
1155 2063 1389 2116 Rezmose,
1438 2064 1737 2118 Eningruthe,

1769 1194 1810 1225 10

1769 1269 1843 1303 Fol.
1861 1266 1930 1302 14v.

1768 1563 1808 1594 15

1764 1931 1807 1962 20

83 2134 516 2187 Hildestatheruthe‚
548 2135 634 2175 nisi
669 2134 782 2176 forte
816 2135 969 2189 aliqua
1003 2148 1056 2175 ex
1080 2135 1152 2175 his
1179 2148 1251 2175 me
1277 2136 1462 2177 uiuente
1488 2138 1738 2178 donatione
1776 2133 1778 2136 ¹

83 2207 153 2248 uel
185 2207 451 2249 uenditione
483 2208 680 2249 alienata
715 2207 897 2261 fuerint,
945 2208 1149 2262 predicto
1192 2209 1293 2250 loco
1327 2213 1369 2250 et
1400 2209 1618 2250 fratribus
1651 2210 1737 2251 sub

82 2280 341 2322 testimonio
403 2285 559 2322 sancte
620 2281 809 2322 ecclesie
871 2295 1012 2322 sanus
1073 2285 1115 2322 et
1175 2282 1422 2323 incolumis
1487 2282 1735 2334 assignaui.

80 2353 304 2394 Addimus
345 2353 497 2407 etiam,
546 2357 595 2395 ut
635 2354 690 2395 de
731 2354 924 2407 singulis
966 2355 1290 2395 mansionibus
1323 2354 1492 2395 nostris
1525 2354 1735 2396 omnium

80 2425 351 2467 animalium
384 2430 546 2480 quarta
580 2440 686 2480 pars
719 2427 1031 2481 predictorum
1065 2428 1256 2468 fratrum
1292 2427 1454 2468 usibus
1480 2427 1736 2480 proueniat,

81 2498 164 2539 sub
211 2500 299 2540 hac
345 2499 533 2553 quidem
580 2500 865 2552 conditione,
926 2504 996 2552 ut,
1050 2500 1194 2554 siquis
1241 2504 1398 2541 contra
1448 2513 1519 2540 me
1566 2499 1734 2540 iustam

80 2571 343 2613 excitauerit
374 2572 729 2626 querimoniam,
776 2586 916 2627 quam
950 2573 1153 2614 uiuendo
1189 2573 1375 2614 forsitan
1412 2586 1504 2613 non
1538 2572 1736 2626 expiaui,

79 2643 244 2686 iniuste
277 2645 378 2697 sibi,
411 2646 534 2699 quod
567 2645 699 2697 absit,
732 2646 935 2687 ablatam
969 2646 1245 2700 requirendo
1274 2645 1533 2699 pecuniam,
1567 2646 1622 2686 de
1648 2646 1736 2686 hac

80 2721 239 2769 quarta
273 2722 399 2771 parte
428 2717 592 2771 primo,
626 2720 750 2772 quod
778 2732 913 2760 suum
941 2723 1020 2771 est,
1054 2719 1220 2773 cuique
1245 2718 1522 2769 restituatur,
1556 2717 1735 2770 deinde,

80 2790 202 2842 quod
250 2795 477 2844 superest,
534 2791 696 2844 prefati
750 2792 910 2832 fratres
964 2792 1104 2833 libere
1152 2791 1430 2845 possideant.
1508 2791 1734 2831 Volumus

167 2947 287 2983 4-5.
336 2948 537 2984 memoria
586 2948 627 2983 in
676 2948 969 2985 benedictione
1017 2950 1082 2994 sit,
1127 2947 1199 2994 cfr.
1249 2946 1517 2983 Ecclesiastici
1561 2946 1625 2992 46,
1663 2946 1735 2991 Ilm

82 3000 284 3040 Maec-hab.
302 3003 330 3049 I,
351 3004 386 3047 3,
409 3004 443 3041 7.
507 3005 541 3042 8.
567 3005 632 3041 Pa.
654 3004 790 3051 siquis.
816 3006 892 3042 vid.
914 3006 1057 3042 Paulo.
1123 3006 1185 3041 17.
1208 3005 1385 3041 remidio
1405 3004 1449 3040 C.
1526 3005 1734 3040 redimere

81 3061 223 3096 rectius
254 3063 361 3098 esset.
438 3063 502 3098 20.
540 3063 689 3109 pagine
720 3073 822 3099 corr.
857 3074 906 3099 ecc
943 3073 1103 3110 pagane
1136 3062 1181 3099 C.
1258 3062 1320 3097 28.
1354 3062 1504 3097 iustam
1539 3072 1663 3107 supra
1698 3072 1730 3096 ι).

82 3116 172 3153 add.
207 3128 259 3156 m.
297 3119 316 3154 1
352 3119 396 3155 C.

1461 3186 1525 3217 12*

1763 2297 1805 2327 25

1761 2660 1803 2691 30
