2242 3551
473 233 709 263 Exorzva
743 234 1022 264 MONASTERII
1056 235 1184 264 CARAE
1217 235 1391 264 1Nsv1AE
1681 227 1762 267 207

107 351 241 395 erexit
266 362 437 391 cornua
463 348 697 401 superbie:
731 348 779 388 in
802 353 927 389 tanta
953 350 1249 390 multitudine
1274 352 1331 391 ad
1356 351 1599 392 abbaciam
1626 352 1765 401 uenit,

106 423 471 481 procurationem
520 421 658 461 trium
710 421 1075 475 septimanarum
1118 423 1324 477 quolibet
1361 437 1485 464 anno
1528 424 1765 478 exigendo,

108 503 154 540 ut
184 495 400 538 omnibus
433 494 568 535 nobis
602 494 921 535 intollerabilis
955 508 1053 537 esse
1086 497 1331 537 uideretur.
1397 498 1578 538 Fratres
1615 497 1765 550 igitur,

107 569 346 613 consilium
387 580 524 621 super
557 568 646 608 hoc
679 567 915 618 habenteS,
964 574 1258 610 accesserunt
1296 571 1353 610 ad
1394 583 1514 622 eum,
1563 570 1766 611 dicentes

107 658 151 685 se
183 656 273 684 non
306 654 440 695 posse
472 645 624 681 tantos
659 644 871 693 sumptus
906 641 1144 683 sustinere.
1193 642 1376 692 Quibus
1409 643 1482 683 ille
1514 644 1765 696 respondit,

106 717 280 757 dicens:
334 714 451 755 »Vos
491 714 636 754 multo
675 714 809 767 plura
848 714 970 755 bona
1009 715 1190 755 habetis
1238 716 1293 756 de
1341 716 1490 767 nobis,
1538 730 1679 770 quam
1719 717 1764 756 in

105 789 190 843 hijs
236 787 445 829 sufficere
493 786 720 840 potestis«
794 787 928 838 Quod
978 801 1083 828 cum
1132 788 1406 842 inquisitum
1456 789 1630 841 fuisset,
1678 803 1766 843 que

107 865 252 903 essent
288 861 365 901 illa
403 860 541 912 bona,
590 859 721 901 dixit:
775 861 1077 902 »Exactiones
1125 865 1307 902 nostras
1355 875 1493 915 super
1541 862 1764 903 familiam

106 938 315 986 uestram,
363 934 485 973 unde
525 932 705 974 habetis
743 934 987 974 annuatim
1022 947 1102 975 .XL.
1144 947 1327 976 marcas
1365 935 1677 986 denariorum,
1726 938 1768 974 et

106 1020 399 1062 propensum,
447 1007 569 1060 quod
620 1006 788 1047 dicitur
834 1006 942 1060 9iaf,
992 1009 1114 1048 unde
1162 1008 1343 1048 habetis
1390 1008 1596 1062 quolibet
1642 1021 1765 1048 anno

106 1093 227 1122 ,X111J.
271 1093 449 1120 marcas
490 1093 656 1131 auene,
704 1081 790 1121 hec
829 1080 970 1122 libere
1011 1081 1321 1134 possedistis«
1389 1082 1444 1121 Et
1478 1081 1667 1122 mentita
1701 1086 1765 1121 est

104 1153 318 1207 iniquitas
351 1153 452 1205 sibi,
491 1154 614 1206 quod
649 1157 830 1194 tantum
864 1154 971 1195 inde
1004 1167 1212 1208 unquam
1248 1154 1521 1205 habuimus3
1569 1154 1677 1208 quia
1710 1156 1765 1196 de

105 1227 336 1268 exactione
367 1226 445 1266 illa
479 1226 621 1267 nichil
657 1227 840 1280 penitus
872 1227 1141 1279 habuimus,
1174 1227 1264 1268 nisi
1291 1228 1616 1269 tantummodo
1641 1229 1764 1281 quod

105 1299 243 1340 uillici
276 1303 318 1339 et
350 1300 501 1340 coloni
534 1299 680 1340 nostri
713 1300 810 1340 sine
844 1300 1089 1341 uexatione
1121 1305 1387 1342 exactorum
1423 1301 1627 1354 episcopi
1660 1302 1765 1342 resi-

104 1373 280 1413 debant.
359 1373 414 1413 Et
460 1373 739 1426 computatis
778 1374 998 1414 omnibus
1047 1374 1124 1414 uix
1172 1374 1448 1415 tenebamur
1494 1377 1548 1414 de
1590 1388 1766 1428 posses-

105 1445 309 1487 sionibus
342 1450 444 1499 post
474 1446 723 1487 concilium
745 1447 1054 1488 Lateranense
1079 1448 1290 1500 generale
1314 1447 1552 1501 acquisitis
1576 1448 1765 1488 reddere

106 1531 164 1560 .1J.
198 1531 375 1560 marcas
409 1523 450 1560 et
482 1519 725 1560 dimidiam
770 1533 975 1561 marcam
1017 1533 1185 1572 auene,
1235 1521 1312 1561 sed
1354 1521 1444 1562 hoc
1483 1534 1647 1561 uerum
1686 1524 1765 1569 est,

105 1593 225 1645 quod
256 1592 342 1633 ista
375 1593 515 1633 libere
549 1594 907 1646 possederamus
939 1607 965 1634 a
998 1594 1070 1635 die
1104 1594 1392 1636 fundationis
1424 1596 1594 1635 domus
1619 1607 1765 1647 usque

105 1667 159 1706 ad
200 1665 330 1707 illum
372 1666 508 1707 diem.
572 1667 639 1707 De
686 1667 1061 1720 possessionibus
1105 1681 1216 1708 uero
1257 1672 1361 1708 ante
1401 1667 1516 1708 illud
1556 1667 1766 1720 generale

104 1740 348 1781 concilium
391 1739 629 1793 acquisitis
670 1753 912 1795 nunquam
953 1744 1165 1781 tenemur
1202 1741 1393 1782 reddere
1425 1740 1540 1781 illud
1574 1753 1766 1794 propen-

105 1826 218 1854 sum.
274 1814 557 1854 Memoratus
588 1817 741 1854 autem
777 1813 1023 1867 episcopus
1056 1813 1184 1854 omni
1218 1814 1321 1854 nisu
1355 1814 1557 1854 instabat
1589 1813 1766 1866 exigere

105 1889 145 1925 et
176 1890 441 1941 extorquere
475 1886 649 1927 dictum
684 1899 967 1940 propensum
1005 1891 1046 1927 et
1079 1887 1338 1928 exactiones
1373 1900 1511 1940 super
1539 1886 1765 1927 familiam

105 1962 320 2011 nostram,
354 1960 460 2013 quia
495 1959 600 2013 plus
632 1960 847 2013 sperabat
879 1972 926 2000 se
958 1960 1065 2000 inde
1096 1960 1381 2009 habiturum,
1414 1973 1555 2014 quam
1581 1959 1765 2009 habuit;

105 2032 220 2072 vnde
252 2032 464 2086 promisit
496 2033 631 2073 nobis
663 2033 718 2073 de
751 2032 880 2073 omni
912 2033 1238 2086 procuratione
1271 2033 1440 2073 liberos
1473 2045 1571 2073 esse
1599 2032 1765 2073 debere

106 2103 438 2158 inperpetuum.
504 2105 737 2156 Quociens
777 2105 884 2146 inde
923 2106 1096 2158 fatigati
1138 2106 1326 2158 fuimus,
1374 2110 1486 2161 quot
1533 2104 1774 2159 colloquia.

106 2176 208 2218 inde
249 2178 515 2231 habuimus,
563 2183 783 2232 quantam
827 2179 933 2219 inde
973 2179 1278 2232 expendimus
1312 2179 1572 2232 pecuniam,
1621 2178 1766 2231 prius-

106 2262 242 2302 quam
275 2252 332 2292 ad
366 2251 758 2292 consenciendum
793 2252 917 2292 ducti
952 2265 1129 2303 sumus,
1176 2265 1269 2292 non
1314 2256 1380 2293 est
1412 2252 1544 2292 facile
1577 2264 1765 2304 compu-

105 2325 209 2364 tare.
271 2324 480 2365 Tandem
528 2325 585 2365 ad
625 2325 841 2365 ultimum
890 2338 943 2364 ex
990 2324 1184 2365 consilio
1231 2325 1486 2365 multorum
1535 2324 1763 2365 nobilium

106 2397 427 2450 adquieuimus
468 2397 740 2438 adhibentes
780 2409 1075 2449 consensum,
1122 2397 1202 2438 tali
1235 2401 1369 2451 pacto
1403 2401 1445 2437 et
1475 2397 1764 2449 condicione,

106 2471 154 2507 ut
182 2468 293 2522 ipse,
325 2483 413 2523 que
446 2470 667 2522 exigebat,
700 2470 934 2523 reciperet,
968 2474 1010 2511 et
1041 2483 1125 2511 nos
1158 2470 1299 2524 quieti
1332 2474 1374 2511 et
1398 2470 1529 2511 liberi
1554 2470 1610 2510 de
1635 2469 1763 2510 omni

106 2542 425 2591 procuratione
479 2543 730 2596 episcopali
787 2542 1114 2596 inperpetuum
1177 2556 1569 2596 permaneremus.
1662 2542 1763 2592 Qua

107 2615 417 2656 conuencione
450 2620 648 2669 peracta,
696 2616 741 2656 in
782 2616 875 2656 uita
917 2629 999 2656 sua
1040 2615 1086 2655 in
1120 2628 1232 2669 pace
1265 2615 1531 2669 quieuimus
1564 2628 1643 2668 per
1674 2618 1763 2654 tres

194 2718 225 2754 1.
267 2719 397 2753 erexit
435 2729 595 2754 cornua
638 2718 867 2764 superbiae:
916 2716 972 2755 ad
1002 2718 1313 2754 similitudinem
1348 2718 1441 2754 Luc.
1477 2717 1512 2763 1,
1532 2718 1593 2753 69.
1684 2719 1764 2752 uefi

106 2771 143 2821 (i.
167 2784 194 2810 e.
221 2772 353 2822 uenit)
385 2774 455 2820 C8;
489 2776 664 2811 ueniens
691 2774 907 2822 Lanqebek
937 2774 1071 2823 (aliter
1102 2773 1418 2822 interpunyens).
1482 2775 1602 2811 6—7.
1636 2785 1762 2821 quam

107 2830 146 2865 in
203 2832 284 2868 hiis
337 2832 572 2879 siqnificare
624 2833 798 2869 videtur:
860 2844 986 2879 quam
1050 2834 1205 2879 quibus
1267 2833 1317 2868 ad
1380 2833 1473 2867 haec
1529 2832 1763 2878 pendenda.

110 2888 282 2926 11—12.
327 2890 667 2926 mentita..sibi:
715 2890 862 2927 Psalm.
897 2890 1043 2935 26312.
1129 2891 1190 2926 22.
1236 2892 1329 2936 post
1374 2900 1634 2936 propensum
1681 2888 1765 2934 fere

107 2945 275 2982 dimidia
303 2958 403 2993 pars
432 2958 568 2983 versus
595 2958 711 2983 erasa
737 2949 815 2991 est,·
850 2947 889 2982 in
922 2958 1070 2983 rasura
1103 2947 1166 2983 11oe
1200 2946 1339 2984 litteroe
1369 2946 1547 2982 discerni
1572 2948 1763 2992 possunt:

108 3005 201 3049 quia
236 3006 355 3052 plus.
376 3034 381 3040 .
401 3015 527 3051 quam
549 3035 554 3039 .
574 3035 579 3040 .
599 3007 648 3049 it;
689 3005 864 3050 scriptor
902 3005 1028 3050 iyitur
1057 3003 1123 3040 hic
1154 3004 1341 3050 quaedam
1377 3004 1425 3040 iis
1456 3004 1608 3039 similia
1640 3003 1763 3049 scrip-

108 3061 202 3097 sisse
226 3064 392 3106 videtur,
426 3073 516 3108 quoe
545 3063 671 3108 paulo
700 3064 792 3107 post
818 3063 1033 3097 recurrunt
1062 3059 1175 3109 (quia
1202 3061 1297 3108 plus
1321 3061 1542 3107 sperabat.
1564 3091 1568 3096 .
1591 3058 1763 3107 habuit).

111 3129 189 3155 non
223 3122 355 3157 tumen
386 3130 557 3164 prorsus
589 3119 740 3155 eadem.

1793 652 1811 682 5

1794 1016 1835 1046 10

1794 1380 1835 1411 15

1791 1747 1834 1778 20

1791 2112 1833 2142 25

1791 2476 1833 2506 30
