2242 3551
396 1010 436 1040 10

398 1374 437 1403 15

400 1878 442 1907 20

459 226 542 265 460
805 234 1082 263 SCRIPTORES
1114 232 1343 261 HISTORIAE
1375 230 1553 259 DANICAE
1586 230 1787 259 M1NoREs

460 350 670 401 arbitror,
708 361 797 403 que
838 348 1007 388 nostris
1051 347 1280 399 contigere
1312 344 1622 398 temporibus3
1670 348 1711 385 et
1743 348 1904 397 rogatu
1936 344 2127 385 illarum

461 420 798 463 uenerabilium
830 433 1136 473 personarum
1161 419 1473 473 qualicunque
1499 417 1602 457 stilo
1626 418 1913 458 exarandum
1938 430 2110 471 suscepv

461 495 524 548 (ut
550 493 739 534 materie
763 493 902 534 series
928 492 1189 534 facundiori
1207 477 1487 546 (successori)
1505 503 1588 544 pro
1608 494 1816 543 tempore
1835 491 2130 542 seruaretur),

461 581 550 622 que
582 565 797 607 uidelicet
829 579 1039 619 persone,
1085 565 1242 605 relicta
1275 563 1519 604 dulcedine
1559 563 1828 616 complexus
1868 562 2131 615 coniugalisv

462 640 758 692 filiorumque
805 651 859 678 ac
905 638 1277 691 propinquorum
1325 636 1767 690 possessionumque
1814 649 1973 677 amore
2020 648 2125 677 con-

461 716 650 765 tempto,
681 711 796 751 illud
822 710 1143 763 euangelicum
1169 710 1401 763 complere
1434 721 1528 749 non
1560 708 1829 749 hesitantes:
1868 708 1991 749 »Nisi
2021 708 2130 762 quis.

462 783 807 826 renunciauerit
839 783 1073 835 omnibus,
1116 796 1204 837 que
1236 782 1454 836 possidet,
1487 794 1582 822 non
1617 785 1763 834 potest
1795 785 1921 833 etc.«,
1964 781 2132 821 mortis»

463 856 721 898 discrimini
761 856 1033 909 semetipsos
1071 855 1373 905 tradiderunt,
1422 858 1471 894 ut
1513 853 1749 895 Christum
1791 854 2125 895 lucrifacerent.

465 929 718 983 Siquidem,
766 928 854 968 nisi
896 928 1043 981 fallor,
1087 928 1308 982 quicquid
1349 928 1396 968 in
1438 927 1602 967 mundi
1641 939 1688 967 re
1730 927 1915 979 publica
1949 930 2128 978 gestum

463 1003 633 1054 fuerat,
695 1001 822 1041 uelut
876 1001 1034 1041 fumus
1090 1004 1384 1041 euanesceret
1430 1013 1485 1040 ac
1530 999 1735 1040 sorberet
1780 999 1977 1051 obliuio,
2038 998 2126 1039 nisi

464 1075 674 1115 uirorum
707 1074 957 1114 illustrium
992 1073 1218 1126 scriptura
1249 1073 1467 1124 ligaretur
1497 1072 1740 1124 industria,
1784 1076 1834 1112 ut
1865 1073 1923 1113 ad
1956 1084 2128 1112 memo-

464 1147 581 1189 riam
614 1151 907 1201 posterorum
940 1145 1231 1186 manifestata
1264 1158 1419 1185 rerum
1452 1144 1643 1186 ueritate
1676 1146 1958 1198 proderetur.

552 1221 648 1261 Hec
692 1219 830 1272 igitur
876 1206 1002 1273 (pro)
1049 1232 1153 1259 meo
1198 1219 1390 1259 modulo
1432 1222 1583 1259 mente
1622 1222 1921 1271 pertractans,
1968 1230 2128 1271 quam-

466 1306 606 1347 quam
647 1292 1011 1346 presumptionis
1049 1305 1073 1332 a
1114 1291 1464 1344 derogatoribus
1497 1302 1676 1343 arguar,
1723 1290 1899 1331 nemini
1932 1289 2130 1344 preiudi-

466 1366 590 1407 cium
615 1365 814 1419 digniori
839 1365 1008 1418 scripto
1033 1364 1207 1405 uolenti
1233 1365 1505 1417 depromere
1527 1363 1715 1416 faciens,
1740 1364 1888 1405 libens
1914 1363 2125 1413 concedo,

466 1443 515 1478 ut
548 1438 719 1479 factum
754 1437 1147 1490 elegantissimum
1181 1437 1442 1478 facundiori
1475 1437 1828 1478 commendetur
1859 1436 2055 1490 eloquio.

586 1632 722 1678 Caput
755 1632 797 1667 Ι.;
841 1632 962 1675 Quod
996 1634 1145 1667 auctor
1176 1630 1371 1677 deplorat
1403 1630 1659 1677 multiplices
1691 1630 1808 1667 labes
1839 1634 1879 1666 et
1911 1630 2012 1666 uitia

1144 1688 1460 1724 modernorum.

565 1758 764 1835 Mundi
828 1793 918 1833 fine
973 1797 1188 1844 uergente
1241 1794 1298 1833 ad
1354 1805 1571 1833 occasum
1630 1792 1955 1833 increbescunt
2006 1792 2129 1832 mala

470 1866 684 1919 plurima,
732 1869 781 1906 ut
813 1865 1015 1906 ueridica
1049 1865 1227 1906 domini
1260 1865 1499 1917 sententia,
1547 1878 1635 1919 que
1673 1865 1769 1905 falli
1808 1865 1980 1918 nequit,
2027 1876 2129 1905 con-

470 1938 692 1989 firmetur,
740 1938 819 1978 ubi
860 1938 922 1978 ait
965 1941 1171 1990 »gentem
1211 1949 1394 1989 surgere
1433 1942 1593 1979 contra
1632 1942 1811 1990 gentem
1856 1942 1897 1978 et
1934 1948 2128 1989 regnum

557 2067 593 2103 3.
628 2068 866 2104 successori
899 2067 1062 2115 addidi3
1094 2067 1364 2113 conferantur
1395 2079 1427 2104 ι).
1451 2079 1482 2104 c.
1516 2067 1717 2104 Suenonis
1734 2067 1918 2113 Aqqonis
1939 2066 1967 2113 f.
1995 2064 2126 2111 verba,

471 2135 560 2170 quoe
597 2124 675 2160 Vol.
706 2125 735 2161 I.
764 2136 803 2171 p.
839 2125 902 2171 64,
932 2125 983 2161 17
1011 2135 1092 2171 sqq.
1126 2127 1164 2160 et
1188 2135 1230 2170 p,
1266 2125 1354 2171 142,
1381 2125 1404 2161 [ι
1427 2136 1510 2172 sqq.
1545 2126 1755 2172 lequntur;
1801 2127 1975 2160 ceterum
2007 2123 2128 2159 etiam

471 2182 582 2227 apud
623 2182 724 2217 alios
762 2183 976 2228 scriptores
1014 2182 1165 2218 similia
1207 2182 1314 2218 dicta
1346 2182 1516 2229 repperi.
1593 2183 1627 2218 6.
1670 2182 1774 2218 illud
1816 2180 2129 2228 euangelicum:

472 2239 565 2275 Luc.
601 2239 661 2284 14,
682 2239 741 2275 33.
824 2240 943 2276 7-8,
992 2251 1077 2275 non
1125 2242 1280 2285 potest,
1328 2243 1367 2276 et
1413 2244 1550 2276 cetera
1598 2240 1746 2276 mortis
1793 2239 2039 2275 discrimina
2086 2238 2132 2272 in.

472 2295 772 2345 semetipsos(!)
810 2297 849 2333 S.
927 2298 962 2333 8.
1009 2297 1106 2333 Chr.
1151 2297 1422 2333 lucrifacere:
1469 2297 1644 2343 Philipp.
1678 2297 1713 2342 3,
1739 2298 1773 2333 8.
1856 2297 1917 2332 10.
1963 2295 2128 2331 malim:

472 2354 717 2390 sorberetur
763 2355 990 2390 obliuione.
1086 2355 1147 2391 11.
1196 2350 1364 2401 scripta
1410 2355 1613 2401 ligaretur
1658 2354 1803 2401 scripsi
1846 2352 1933 2402 (cfr.
1979 2352 2059 2389 Vol.
2101 2351 2128 2388 I.

468 2422 508 2457 p.
531 2409 688 2459 64‚17);
720 2412 878 2457 scripta
903 2412 1134 2458 ligarentur
1151 2411 1199 2455 Ο,
1224 2411 1333 2457 quod
1358 2412 1535 2458 intelleqi
1558 2411 1704 2458 nequit.
1770 2413 1831 2448 12.
1848 2413 2067 2458 posterum
2089 2409 2133 2445 S-

476 2468 537 2505 13.
572 2479 650 2514 pro
683 2468 824 2504 addidi
859 2467 947 2518 (cfr,
987 2468 1068 2505 Vol.
1102 2468 1131 2505 I.
1162 2479 1200 2514 p.
1236 2468 1325 2511 122,
1345 2467 1394 2516 5).
1475 2470 1534 2505 15.
1569 2469 1700 2516 qcedo
1734 2468 1896 2515 scripsi3
1941 2467 2045 2503 cedo
2078 2466 2126 2502 Ο.

476 2526 538 2562 16.
578 2525 872 2572 Post'eloquio
913 2526 954 2562 in
989 2527 1024 2562 Ο
1066 2528 1139 2562 est:
1188 2526 1369 2572 Explicit
1401 2526 1616 2572 Prologus.
1679 2527 1896 2572 Incipiunt
1936 2523 2131 2571 Capitula

473 2584 688 2628 sequentis
713 2583 866 2629 operis.
913 2582 1105 2629 Sequitur
1126 2582 1270 2618 deinde
1294 2583 1546 2619 enumeratio
1571 2584 1857 2629 capitulorum,
1883 2582 2128 2628 arqumenta

472 2640 731 2686 singulorum
772 2640 978 2684 indicans;
1024 2640 1093 2676 sed
1132 2650 1225 2675 cam
1265 2639 1350 2676 hoec
1385 2642 1525 2686 postea
1567 2641 1608 2676 in
1649 2638 1991 2686 inscriptionibus,
2039 2648 2135 2684 quoe

471 2691 646 2742 'sinqulis
684 2696 884 2743 capitibus
920 2696 1103 2743 proefiaeoe
1142 2699 1249 2742 sunt,
1298 2697 1460 2733 totidem
1499 2696 1584 2743 fere
1616 2697 1745 2734 verbis
1777 2698 1980 2741 iterentur,
2029 2697 2129 2730 tam-

475 2764 599 2799 quam
640 2764 946 2800 superuacanea
986 2753 1053 2790 hic
1089 2754 1251 2798 omium
1297 2754 1594 2800 discrepantias
1639 2755 1763 2791 huius
1809 2752 2130 2790 enumerationis

474 2810 557 2846 suis
597 2811 692 2847 locis
733 2811 862 2847 littera
897 2812 927 2847 E
965 2813 1126 2847 notatas
1167 2810 1351 2857 afferam.
1413 2811 1460 2847 In
1497 2811 1582 2857 fine
1612 2810 1933 2848 enumerationis
1965 2809 2126 2856 legitur:

476 2867 717 2913 Expliciunt
755 2869 959 2915 Capitula.
1023 2869 1175 2915 Incipit
1215 2868 1455 2904 Historia
1496 2869 1554 2904 de
1594 2868 1929 2915 profectione
1971 2867 2129 2903 Dano-

476 2935 584 2959 rum
618 2925 666 2960 in
702 2925 1134 2973 Hierosolymam.
1198 2926 1261 2961 17.
1294 2925 1416 2970 Quod
1448 2926 1503 2971 03
1544 2926 1687 2962 malim
1721 2926 1825 2970 Quo.
1887 2925 1949 2961 19.
1983 2922 2128 2959 Mundi

479 2981 561 3016 fine
594 2985 687 3018 etc:
719 2982 790 3028 cfr.
829 2982 908 3018 Vol.
940 2983 968 3020 I.
997 2994 1036 3029 p.
1072 2982 1133 3029 94,
1155 2982 1177 3018 7
1208 2993 1299 3018 cum
1332 2985 1449 3027 nota;
1482 2985 1518 3018 et
1546 2983 1699 3019 similia
1729 2993 1834 3028 soepe
1865 2981 1977 3027 apud
2006 2979 2135 3016 huius

476 3037 783 3084 oeuiscriptores
801 3040 999 3086 le9untur.
1066 3039 1388 3075 increbrescunt
1405 3040 1455 3075 M.
1505 3041 1568 3076 20.
1588 3040 1744 3086 nequid
1763 3037 1834 3075 M1.
1881 3039 2130 3084 21.gentem

477 3097 568 3129 etc:
600 3094 669 3140 cfr.
706 3095 843 3132 Matth.
878 3096 944 3141 24,
965 3096 1010 3140 7,·
1042 3096 1138 3132 Luc.
1172 3097 1235 3141 21,
1258 3096 1319 3133 10.
