2242 3551
546 192 687 220 GESTA
721 191 944 220 CNvTONJS
976 192 1120 221 REGIS.
1166 193 1300 221 LlBER
1333 193 1362 220 11
1699 183 1781 221 399

125 309 180 348 At
225 307 290 346 illi
337 306 458 347 circa
505 305 638 346 litora
685 306 1003 346 deambulanti
1050 307 1203 346 subito
1242 310 1550 360 apparescunt
1589 307 1778 347 carbasa

124 393 217 420 non
264 379 408 419 multa
455 378 501 418 in
550 378 703 418 medio
752 378 880 418 mari.
959 379 1076 418 Nam
1125 379 1342 430 Thurkil,
1399 392 1595 425 memor,
1655 381 1777 433 quod

124 452 345 493 SVEINO
379 451 559 501 fecerat,
594 454 636 491 et
667 451 789 504 quod
824 455 935 491 tunc
965 452 1012 491 in
1045 456 1163 492 terra
1196 452 1370 505 absque
1396 452 1575 492 licentia
1602 452 1779 492 domini

124 524 193 564 sui
233 524 537 566 CNVTONIS
576 523 836 564 inconsulte
877 528 1175 575 remanserat,
1222 538 1326 564 cum
1369 538 1538 565 nouem
1581 525 1781 564 nauibus

122 610 374 651 earumque
421 596 621 636 exercitu
661 592 672 650 Η
711 596 955 636 domiuum
997 610 1132 637 suum
1178 597 1432 650 requisiuit,
1480 602 1527 637 ut
1575 597 1614 636 ei
1661 602 1779 650 pate-

121 670 301 721 faceret,
335 669 443 723 quia
477 682 570 709 non
603 673 761 709 contra
796 668 894 708 eius
928 669 1122 709 salutem
1157 682 1203 709 se
1234 670 1472 709 recedente
1496 670 1776 709 remanserit.

122 742 212 793 Qui
244 743 436 782 ueniens
470 754 559 781 non
595 743 876 794 presumpsit
908 742 1041 782 litora
1074 742 1279 781 iniussus
1312 742 1479 791 subire,
1514 743 1589 782 sed
1626 743 1777 783 eiectis

119 815 334 855 anchoris
388 813 717 867 premissisque
773 814 955 854 nunciis
1008 814 1153 867 poscit
1209 827 1255 854 se
1313 819 1471 868 portus
1518 816 1777 855 subintrare

119 887 266 928 licere.
331 888 466 938 Quod
515 886 595 927 ubi
634 898 906 927 concessum
947 891 1026 937 est⁷
1073 888 1280 927 ascendit
1321 888 1777 941 misericordiamque

113 960 297 1000 vdomini
329 961 398 1001 sui
434 959 649 1013 quesiuit,
682 963 723 999 et
754 959 821 999 illi
853 960 1000 1000 multo
1034 959 1190 1000 labore
1224 960 1541 1000 reconciliatus
1566 961 1643 1000 dat
1670 960 1774 1000 fidei

119 1037 476 1082 sacramentum,
525 1046 571 1072 se
617 1032 683 1072 illi
731 1032 949 1085 deinceps
998 1032 1192 1073 fideliter
1238 1033 1532 1073 seruiturum.
1612 1033 1726 1073 Cum
1767 1032 1777 1087 Ι]

118 1118 209 1158 quo
257 1119 415 1146 mense
461 1106 565 1159 plus
611 1105 787 1156 integro
835 1109 1043 1145 moratur
1090 1109 1144 1157 et,
1192 1109 1240 1145 ut
1287 1106 1343 1145 ad
1391 1106 1562 1158 Anglos
1608 1108 1774 1156 redeat,

117 1179 346 1228 hortatur,
393 1178 552 1219 dicens
599 1191 704 1218 eum
752 1177 914 1218 leuiter
961 1178 1063 1218 illos
1111 1191 1245 1230 posse
1292 1191 1528 1231 superare,
1576 1192 1774 1232 quorum

118 1251 232 1291 fines
270 1252 404 1304 longe
448 1251 628 1304 lateque
669 1250 1020 1290 notificarentur
1057 1250 1276 1304 utrisque.
1342 1251 1585 1291 Presertim
1626 1252 1776 1291 aiebat

117 1337 163 1364 se
202 1324 386 1376 triginta
426 1336 571 1364 naues
612 1324 657 1362 in
691 1323 945 1375 Anglorum
986 1323 1130 1375 patria
1175 1335 1278 1363 cum
1315 1324 1513 1364 exercitu
1548 1323 1774 1364 fidissimo

115 1396 369 1450 reliquisse,
418 1396 498 1451 qui
545 1395 782 1436 uenientes
830 1395 1115 1448 susciperent
1163 1396 1418 1436 honorifice
1465 1398 1774 1450 ducerentque

115 1482 195 1522 per
227 1469 342 1510 fines
374 1469 515 1510 totius
547 1468 735 1522 patriae.

201 1542 239 1581 4.
289 1542 422 1582 Tunc
452 1553 530 1582 rex
563 1541 828 1582 ualedicens
861 1540 997 1581 matri
1030 1545 1070 1581 et
1103 1540 1232 1581 fratri
1264 1541 1395 1582 curui
1421 1542 1566 1582 litoris
1597 1541 1772 1594 repetiit

116 1614 332 1662 confinia,
379 1627 470 1668 qua
510 1614 600 1654 iam
642 1615 931 1655 adunauerat
960 1610 972 1667 Η
1003 1615 1307 1654 ducentarum
1349 1614 1542 1655 nauium
1576 1615 1771 1667 spetiosa

112 1687 391 1739 spectacula.
484 1687 604 1727 Nam
653 1686 729 1727 hic
775 1690 871 1727 erat
915 1690 1042 1726 tanta
1088 1698 1327 1726 armorum
1375 1687 1528 1740 copia,
1587 1692 1637 1727 ut
1683 1700 1772 1727 una

115 1771 272 1799 earum
319 1760 535 1812 nauium,
591 1760 628 1800 si
680 1759 901 1800 omnibus
954 1758 1143 1813 reliquis
1199 1759 1492 1811 defecissent,
1547 1760 1773 1801 sufficeret

114 1831 549 1873 habundantissime
574 1833 676 1872 tela.
726 1832 870 1872 Erant
893 1835 1047 1872 autem
1074 1831 1138 1871 ibi
1165 1836 1403 1872 scutorum
1436 1837 1560 1872 tanta
1594 1844 1772 1884 genera,

116 1907 164 1943 ut
195 1905 403 1945 crederes
435 1906 596 1946 adesse
629 1904 841 1945 omnium
874 1905 1155 1958 populorum
1189 1905 1387 1957 agmina.
1451 1906 1627 1946 Tantus
1663 1918 1770 1958 quo-

114 1990 203 2030 que
232 1978 371 2018 decor
393 1978 541 2018 inerat
565 1977 815 2031 puppibus,
847 1981 909 2026 ut,
943 1978 1221 2018 intuentium
1251 1978 1475 2018 hebetatis
1502 1978 1770 2027 luminibus.

114 2048 358 2091 flammeae
392 2051 537 2102 magis
570 2064 710 2104 quam
743 2050 919 2102 ligneae
946 2050 1215 2090 uiderentur
1240 2050 1403 2102 alonge
1426 2050 1768 2103 aspicientibus.

113 2120 158 2161 Si
196 2119 206 2176 Η
243 2124 431 2176 quando
479 2123 602 2163 enim
651 2123 720 2163 sol
765 2122 855 2162 illis
899 2122 1035 2163 iubar
1079 2123 1317 2163 inmiscuit
1362 2122 1614 2174 radiorum,
1662 2123 1770 2163 hinc

111 2194 396 2247 resplenduit
427 2196 579 2248 fulgur
611 2208 864 2245 armorum,
896 2195 1025 2236 illinc
1055 2209 1163 2237 vero
1188 2195 1377 2235 flamma
1408 2195 1766 2247 dependentium

111 2267 379 2319 clipeorum.
442 2269 643 2309 Ardebat
675 2281 840 2308 aurum
876 2268 921 2308 in
953 2268 1127 2319 rostris,
1162 2268 1365 2320 fulgebat
1397 2281 1582 2322 quoque
1614 2279 1768 2319 argen-

110 2342 208 2379 tum
246 2339 293 2379 in
333 2340 472 2381 uariis
513 2341 704 2381 nauium
755 2341 924 2393 figuris.
988 2341 1164 2381 Tantus
1203 2340 1431 2393 siquidem
1473 2339 1633 2380 classis
1675 2344 1768 2380 erat

110 2416 374 2465 apparatus,
406 2417 469 2465 ut,
502 2413 539 2454 si
572 2426 714 2467 quam
745 2417 927 2465 gentem
961 2413 1058 2454 eius
1089 2414 1225 2454 uellet
1248 2424 1509 2465 expugnare
1533 2412 1766 2464 dominus,

197 2544 232 2580 3.
278 2547 372 2590 post
415 2549 527 2582 terra
574 2544 627 2581 Α2
684 2546 724 2582 ἰη
771 2547 961 2592 mul-yitte
1005 2546 1240 2582 addendum
1287 2544 1540 2592 siqnifirauit
1585 2545 1765 2590 Anglica,

110 2601 217 2647 quod
247 2603 369 2638 etlam
397 2603 428 2638 P
459 2614 542 2639 non
577 2602 717 2648 habet;
749 2605 898 2650 recepit
922 2605 976 2649 D,·
1009 2604 1086 2640 vid.
1120 2605 1256 2639 tamen
1284 2614 1324 2649 ρ.
1350 2602 1438 2647 398,
1458 2602 1492 2637 2.
1556 2602 1591 2638 4.
1624 2603 1765 2637 incon-

109 2658 216 2694 sulte
239 2660 445 2705 :ipsum
482 2672 565 2696 non
599 2661 838 2698 consulens.
908 2662 943 2697 6.
977 2663 1240 2697 remanserat
1273 2661 1315 2696 P.
1388 2660 1421 2695 8.
1455 2670 1499 2695 se
1530 2659 1612 2702 AP,
1657 2659 1766 2705 quod

109 2714 175 2750 hic
201 2727 280 2762 pro
315 2717 394 2752 sibi
425 2716 600 2763 fortasse
628 2717 730 2764 ferri
757 2720 897 2764 potest.
970 2720 1006 2755 9.
1042 2722 1103 2753 est
1135 2729 1212 2753 om⁴
1248 2718 1291 2753 P.
1372 2717 1433 2752 10.
1466 2716 1764 2752 reconciliatus

107 2772 268 2818 scripsi3
300 2775 548 2810 conciliatus
571 2773 610 2823 (c
633 2786 734 2812 corr.
761 2786 811 2811 ex
834 2774 861 2822 s)
888 2773 949 2811 Al.
1015 2776 1078 2812 16.
1105 2775 1392 2820 sussciperent
1411 2773 1453 2809 A.
1518 2774 1579 2809 17.
1605 2773 1764 2819 patriae

109 2829 160 2874 A;
206 2831 343 2876 anglie
392 2832 434 2868 P.
523 2834 585 2868 18.
631 2843 812 2868 curuum
860 2833 977 2875 litus,
1022 2832 1095 2878 cfr.
1148 2831 1288 2877 Veryil.
1334 2830 1423 2866 AEn.
1469 2830 1537 2875 ΙΙΙ,
1586 2830 1665 2866 223
1713 2831 1763 2865 ul.

111 2887 287 2924 19—20.
334 2889 518 2935 spetiosa
565 2890 820 2936 spectacula,
865 2889 937 2935 csr.
985 2889 1126 2925 Horat.
1165 2888 1247 2924 Art.
1285 2890 1389 2933 poet.
1425 2887 1524 2924 144:
1571 2888 1761 2933 spvciosa

109 2944 323 2981 miracula.
401 2947 464 2982 22.
506 2949 634 2990 tanta,
683 2946 705 2982 i.
739 2958 768 2983 e.
811 2950 882 2982 tot.
959 2946 1110 2992 23—p.
1151 2944 1326 2990 400‚12.
1373 2956 1544 2991 quoque
1585 2945 1762 2980 decor..

109 3001 220 3037 Talis
254 3002 286 3037 P
317 3003 464 3046 omisit,
499 3014 582 3039 non
614 3014 778 3048 curans,
814 3003 924 3049 quod
954 3004 1011 3038 sic
1042 3004 1201 3038 Tantus
1233 3013 1324 3037 cum
1359 3003 1535 3038 milicies
1569 3002 1763 3047 iunyitur.

110 3057 173 3093 24.
199 3059 385 3106 pupibus
403 3061 448 3104 A,
479 3071 580 3096 corr.
599 3059 661 3095 A2.
725 3061 791 3096 25.
818 3060 979 3106 ligneae
1005 3059 1166 3106 scripsi3
1198 3060 1342 3105 igneae
1360 3060 1403 3095 A.
1466 3060 1528 3095 27.
1556 3059 1692 3105 fulgor
1719 3060 1762 3095 D.

1808 605 1825 633 5
1851 605 1912 635 fol.
1928 602 1999 635 26V.

1808 969 1845 999 10

1805 1114 1864 1145 fol.
1880 1111 1949 1145 27¹'.

1806 1334 1845 1363 15

1801 1624 1862 1655 fol.
1877 1621 1949 1656 27v.

1801 1697 1843 1727 20

1797 2059 1838 2088 25

1796 2131 1857 2161 fol.
1873 2128 1942 2162 28¹.

1793 2422 1836 2452 30
